2117 3543
103 234 157 281 32
422 218 627 265 cLAss
637 217 703 261 Js
737 218 772 260 J.

511 331 643 386 444·

106 392 157 449 In
170 399 352 448 Patriam
375 396 499 445 redux
519 396 542 442 ὲ
561 391 844 445 familiaribus,
858 383 1033 439 civibus,

173 473 219 512 &
255 466 387 513 Clero
422 465 629 527 excipitur.
716 457 883 505 Aurora
911 450 1032 499 volu-

173 551 257 581 cres
278 538 321 577 δε
344 534 463 578 fiores
482 530 671 575 excitans.
735 523 786 570 L.
810 531 925 571 UNA
950 526 1034 566 EX-

177 602 342 642 CITAT
371 598 561 638 OMNES.

476 696 678 737 CDXLV.

112 757 422 808 Concionantis
457 770 542 802 vox
575 753 637 800 *ad
675 762 883 798 trecentos
909 740 1039 818 paffus

175 824 401 871 exauditur.
460 822 754 869 Tormenturn
781 817 975 864 bellicum
998 827 1040 855 m

175 891 375 997 spggestu.
443 889 495 937 L.
525 901 651 940 IGNE
686 897 890 937 PRocuL
924 891 1041 930 MIT-

218 961 372 999 ENTE.

501 1018 636 1090 446-

112 1108 432 1170 Energumenos
454 1094 604 1167 Crucis
623 1098 743 1162 {igno
756 1132 769 1155 ,
783 1104 828 1144 δε
849 1096 900 1144 ad
922 1093 1041 1142 soda-

181 1178 238 1222 les
252 1172 481 1220 Lauretum
507 1164 621 1215 missa
641 1166 826 1231 Epistola
840 1163 1040 1212 Domum

180 1243 299 1290 illam
326 1238 349 1285 εὶ
377 1235 626 1285 Lemuribus
652 1248 813 1298 purgat.
874 1230 1043 1279 Aurora

179 1307 450 1371 inauspicatas
470 1303 658 1351 volucres
682 1300 841 1365 fugans,
894 1296 945 1345 L.
961 1308 1044 1348 AF-

184 1376 403 1420 FULGET‚
431 1374 500 1413 ET
528 1369 719 1412 FUGAT.

504 1495 636 1551 447-

119 1565 273 1631 yitam
294 1560 471 1609 instituit
493 1559 782 1623 proximorum
807 1552 923 1601 saluti
949 1570 1049 1618 pro-

182 1627 409 1680 movendae
428 1622 794 1673 accommodam-2.
855 1619 1046 1667 Gladius.

185 1700 302 1740 DAT
328 1696 488 1737 ACIEM
509 1693 709 1733 LAEVOR.

514 1810 646 1874 448·

122 1885 322 1936 Sodalem
347 1884 477 1930 morti
499 1884 739 1948 proximum
762 1876 845 1943 ipse
868 1874 973 1922 febri
991 1874 1052 1920 la-

182 1955 338 2002 borans
365 1948 491 1996 sanat.
552 1949 780 2010 Organum
810 1945 1053 1993 tractorium

187 2035 362 2086 gravem
409 2017 570 2064 molem
604 2013 815 2061 attollens.
911 2007 963 2056 L.
990 2021 1055 2059 IN

186 2088 351 2129 TENUI
377 2087 459 2124 VIS.

538 2161 670 2217 449·

125 2229 174 2278 Ἀ
194 2225 365 2274 Christo
378 2222 563 2270 Crucem
584 2219 794 2284 bajulante
809 2220 1057 2285 promistio-

193 2310 294 2343 nem
319 2293 495 2355 accipit,
529 2289 620 2335 fore
655 2304 751 2333 eum
788 2287 861 2335 fibi
896 2287 1057 2337 Romae

196 2361 441 2427 propitium.
475 2356 713 2420 Vestigium
727 2356 874 2420 templi
894 2358 936 2403 in
946 2356 1057 2404 Cru-

198 2430 256 2474 cis
275 2426 458 2473 formam
477 2422 676 2486 descripti.
743 2419 794 2468 L.
817 2433 1059 2472 FASTlGIA

194 2495 392 2536 SIGNAT
415 2492 696 2532 HONORUM.

138 2668 192 2716 Se
213 2666 380 2715 summo
391 2605 810 2712 Pontifigzisomne
821 2656 1063 2723 Religionis

202 2734 447 2798 obsequium
475 2731 672 2779 devovet.
753 2727 859 2774 Pura
879 2726 1063 2784 Tabula,

204 2815 423 2864 parataque
448 2800 626 2862 pisturae.
663 2794 714 2843 L.
731 2808 852 2865 QJAE
879 2806 1064 2845 FoRMA

208 2867 467 2906 PLACEBIT.

141 3015 186 3080 A
209 3027 343 3078 Paulo
359 3026 434 3075 III.
454 2965 791 3091 ejusllffstlitoutum
816 3026 1067 3093 approbatur

153 3098 157 3102 ’
209 3096 395 3144 dicente:
421 3099 602 3161 Digitus
613 3101 723 3155 DEI
736 3094 890 3162 esthic.
924 3093 1062 3143 Mun—

195 3162 432 3272 I{lliffltigilobus
494 3159 545 3208 L.
574 3170 825 3216 molem*
859 3174 1060 3215 aucTo-

1239 204 1565 251 SYMBOLA
1624 198 1861 248 SACRA.

1514 302 1664 347 CDLn.

1120 368 1161 416 S.
1172 366 1430 416 Franciscum
1445 367 1682 418 Xaverium
1696 371 1738 416 in
1755 362 1892 414 Indias
1905 366 2048 413 mittit.
2106 370 2109 413 ἶ

1191 436 1400 485 Geminus
1421 435 1584 500 globus,
1603 435 1625 481 ὲ
1648 453 1828 502 quorum
1856 434 1988 480 altero
2009 436 2053 479 in

1191 505 1370 550 alterum
1395 504 1567 549 flamma
1590 521 1660 568 per
1682 518 1956 569 papyraceum
1988 514 2054 545 tu-
2089 540 2091 543 ,

1191 572 1293 617 bum
1325 573 1634 617 transmittitur.
1700 569 1752 618 L.
1775 582 1910 620 UNUS
1936 579 2053 629 NON

1195 641 1431 679 SUFFICIT.

1132 815 1330 864 Societati
1353 816 1551 864 universae
1574 818 1841 881 praeponitur.
1900 815 2059 863 Fornax

1200 885 1427 941 stillatoria,
1450 887 1545 948 igne
1573 883 1797 949 iupposxto.
1845 881 1897 931 L.
1921 895 2060 934 SATIS

1197 955 1422 993 OMNIBUS
1449 954 1596 991 UNUS.

1134 1152 1359 1218 Religiosae
1380 1157 1479 1203 vitae
1503 1160 1613 1204 votis
1637 1155 1676 1203 se
1705 1172 1802 1201 cum
1833 1154 1964 1217 Socijs
1994 1152 2064 1212 dq-

1200 1224 1343 1269 vincit.
1380 1224 1537 1281 Arbor,
1552 1228 1664 1287 cujus
1690 1225 1796 1269 rami
1822 1216 2066 1285 circulislig-

1202 1291 1289 1335 neis
1313 1291 1576 1355 colligantur.
1640 1288 1692 1337 L.
1712 1302 1925 1340 VINCTA
1948 1301 2063 1339 fOE-

1204 1359 1450 1399 CUNDIOR.

1518 1467 1665 1507 CD1.V.

1141 1538 1360 1585 Generalis
1382 1535 1625 1599 Praepofitus
1643 1543 1902 1586 renuntiatus
1929 1538 1980 1585 ad
2001 1541 2068 1586 in-

1208 1603 1309 1652 fima
1334 1602 1508 1651 Domus
1537 1603 1771 1652 Ministeria
1806 1605 1846 1653 se
1866 1606 2065 1654 demittit.

1207 1670 1364 1718 Lilium
1385 1672 1582 1733 languido
1604 1675 1648 1714 δέ
1667 1674 1841 1722 incurvo
1858 1675 1984 1722 collo.
2017 1673 2071 1721 L.

1211 1741 1409 1780 CELSUM
1433 1740 1659 1780 RESPICIT
1686 1742 1793 1780 IMA.

1536 1859 1668 1928 456-

1143 1947 1309 2000 Inducit
1346 1948 1713 1996 sacramentorum
1750 1949 2067 2014 frequentiam.

1210 2016 1320 2063 Uvae
1344 2035 1542 2073 racemus,
1555 2022 1600 2061 δε
1618 2018 1854 2082 manipulus
1869 2018 2069 2082 spicarum

1211 2083 1363 2130 mensae
1386 2084 1616 2149 impositus.
1683 2081 1734 2130 L.
1762 2098 2069 2141 DISCREVERE

1211 2154 1349 2193 FRRIS
1374 2155 1618 2194 HOMINES.

1533 2279 1666 2335 457·

1150 2349 1212 2399 Ex
1235 2348 1405 2410 objectis
1428 2343 1530 2392 falso
1555 2346 1796 2392 criminibus
1820 2348 1904 2408 ejus
1927 2338 2075 2394 saneti-⁷

1215 2431 1276 2463 tas
1298 2415 1461 2460 relucet.
1498 2412 1842 2478 Nlicroscopium.
1917 2411 1968 2461 L.
1991 2427 2072 2465 VE-

1214 2484 1364 2525 RITAS
1389 2483 1455 2521 EX
1479 2483 1772 2520 MENDACIO.

1544 2606 1618 2660 45
1625 2597 1677 2654 8·

1153 2680 1204 2729 In
1226 2678 1425 2729 invidiam
1439 2694 1535 2724 cum
1555 2676 1683 2739 Socijs
1704 2675 1928 2736 addufkuffi
1962 2679 2077 2745 post-

1219 2764 1346 2813 quam
1381 2743 1637 2809 aliquamdiu
1671 2744 1836 2808 publico
1866 2746 2074 2794 abstinuifi-

1220 2815 1322 2874 sent,
1333 2811 1534 2878 perspecta
1546 2814 1799 2870 innocentia,
1813 2831 1909 2859 cum
1932 2812 2077 2877 plausu

1221 2894 1459 2944 erumpunt.
1538 2877 1678 2925 flores
1708 2883 1902 2927 vimineae
1931 2880 2075 2937 thecae‚

1222 2954 1301 3014 qua
1322 2948 1482 2993 fuerant
1499 2949 1695 3004 contecti,
1720 2947 1915 3012 operculo
1934 2964 2077 2993 remo-

1223 3030 1270 3062 to
1294 3013 1374 3061 sese
1398 3015 1613 3076 erigentes.
1709 3011 1759 3061 L.
1790 3026 1921 3065 POST
1953 3026 2076 3066 EXA-

1226 3084 1376 3123 CTAM
1400 3082 1627 3121 HYEMEM.

1925 3167 1955 3203 C
1961 3167 2074 3203 Dux.
