2190 3528
504 168 1449 249 DEDICATORIA·

70 294 190 343 rea
208 272 702 372 gemmeaque
720 263 1221 344 Anathemata
1240 266 1410 342 scite
1431 269 1664 371 magis
1684 276 1753 342 ὃ(
1773 266 1869 344 af-

68 379 286 458 fabre*
315 378 722 459 conficiant
755 442 776 472 ,
805 381 905 457 ad
941 379 1282 459 Honoris
1317 385 1425 458 tui
1464 377 1869 486 Templum

69 495 586 602 appendenda.

209 613 360 686 lam
382 615 573 687 Vero
608 612 818 718 quod
839 608 1312 716 Opuseulum
1332 609 1573 690 hoece
1608 639 1868 690 meum

66 721 238 803 Tibi
286 723 602 803 offeram
636 789 656 815 ‚
717 723 1602 813 SERENISSIME
1653 724 1872 812 CA·

66 839 376 926 ROLE
393 910 411 942 ,
435 840 638 918 haud
676 842 1021 947 equidem
1043 840 1118 917 id
1138 840 1356 932 facio,
1372 840 1582 948 quod
1599 904 1619 930 ,
1639 870 1874 946 quam¹

65 956 328 1031 Artem
357 955 576 1032 trado
594 1020 614 1046 ,
635 954 808 1034 Tibi
834 985 1301 1063 magnopere
1337 961 1414 1034 in
1438 956 1564 1032 usu
1598 956 1736 1032 effe
1756 986 1873 1033 eu-

66 1073 305 1175 piam:
343 1072 521 1154 Scio
543 1076 743 1149 enim
770 1138 785 1158 ,
805 1071 962 1150 haee
980 1072 1151 1149 talia
1168 1076 1390 1179 parce
1411 1069 1749 1149 admodti
1777 1095 1873 1148 at-

63 1184 423 1292 tingenda
441 1190 505 1263 ei
526 1186 807 1278 effe2eui
827 1186 1059 1294 longe
1073 1193 1358 1293 majora
1373 1187 1701 1265 curanda
1721 1186 1880 1263 smt.

66 1302 126 1379 A
140 1300 395 1378 hunde*
414 1307 643 1407 proin
661 1302 990 1392 feeeri5‚s1
1011 1303 1135 1379 vel
1157 1303 1403 1380 obiter
1424 1301 1878 1408 ,cognoseere

67 1421 280 1520 hujus
324 1418 521 1493 Artis
559 1421 933 1523 Praecepta
970 1415 1580 1523 documentaque
1616 1417 1870 1523 digna-

69 1530 260 1621 bere3
281 1537 579 1610 tantum
602 1557 685 1610 ut
704 1537 783 1610 in
804 1555 1171 1638 promptu
1191 1531 1462 1609 habeas
1482 1557 1839 1608 normam
1854 1593 1874 1622 ‚

66 1646 159 1724 ad
187 1676 413 1753 quam
438 1645 804 1754 Symbola
824 1711 844 1738 ,
865 1651 1040 1725 etim
1061 1645 1652 1754 libuerit‚exigaS.
1675 1644 1875 1729 Nul-

68 1760 179 1839 lus
201 1761 543 1868 profer
563 1768 857 1843 acutior
878 1763 1019 1842 isto
1039 1762 1376 1841 stimulus
1395 1762 1536 1840 illis
1572 1759 1873 1839 adhibe-

62 1881 127 1955 ri
169 1881 484 1982 poterit,
513 1885 642 1986 qui
664 1883 983 1957 traetant
1017 1879 1215 1957 hanc
1236 1880 1500 1957 Artem
1534 1935 1555 1961 ,
1592 1899 1675 1954 ut
1701 1905 1876 1982 pro-

68 1992 336 2069 cudere
355 1992 638 2100 aliquid
677 1994 1037 2099 ejusmodi
1058 1993 1407 2070 laborent
1441 2056 1461 2081 ,
1499 1994 1709 2099 quod
1747 2015 1874 2070 tua

68 2106 387 2213 dignum
412 2108 548 2184 effe
568 2107 1124 2216 approbatione
1155 2105 1397 2213 poflit.
1474 2106 1716 2205 Quod
1756 2136 1875 2185 au-

65 2245 220 2299 tem
257 2221 350 2298 de
368 2222 514 2299 istis
534 2223 825 2313 dieQde
857 2220 1215 2300 omnibus
1244 2250 1874 2329 quarumcunque

67 2333 521 2414 Litterarum
547 2336 908 2422 Studiosis
943 2337 1307 2444 intelligo.
1403 2332 1617 2415 Nihil
1636 2342 1876 2446 magis

69 2451 162 2528 ad
184 2481 308 2529 eos
330 2454 762 2531 excitandos
782 2451 1068 2552 valebit
1084 2515 1104 2542 ,
1124 2451 1315 2531 nihil
1336 2456 1573 2560 magis
1606 2481 1873 2531 eorum

67 2567 404 2645 intendet
421 2569 863 2647 industriam
890 2631 911 2654 ,
933 2572 1416 2676 &ingenium
1445 2567 1682 2673 ipsum
1717 2595 1875 2646 exa-

2 2752 4 2754 ,
70 2707 273 2772 euet,
294 2689 520 2790 quam
543 2686 754 2792 quod
773 2682 890 2763 Tu
909 2747 929 2774 ,
950 2688 1068 2765 eui
1091 2689 1222 2762 uni
1242 2686 1571 2761 maxime
1604 2711 1872 2789 appro-

70 2796 246 2875 bare
263 2798 329 2875 se
350 2828 614 2879 omnes
636 2800 944 2889 volent,
967 2798 1345 2878 bonarum
1377 2802 1730 2875 omnium
1769 2828 1874 2876 ar-

72 2916 261 2990 tium
292 2917 395 2991 ita
428 2945 704 3022 gnarus
739 2915 862 3006 fis,
899 2939 980 2993 ut
1015 2919 1183 2993 artis
1221 2912 1606 3018 cujuslibet
1644 2943 1876 3021 opera

70 3035 508 3133 promerito
545 3031 900 3110 aestimare
925 3031 1148 3108 noris.
1221 3028 1362 3108 Vel
1381 3028 1522 3107 ha⁶e
1559 3058 1745 3136 ergo
1782 3029 1877 3107 de

9 3204 11 3209 s
79 3144 290 3220 eausa
324 3151 599 3249 juverit
615 3211 634 3237 ,
656 3147 895 3226 multa
915 3175 1037 3224 me
1058 3146 1149 3224 de
1187 3144 1488 3224 Artibus
1514 3209 1534 3235 ,
1558 3154 1627 3222 ὅ(
1651 3144 1873 3222 Disci-

26 3354 28 3357 v
73 3257 291 3363 plinis
311 3261 560 3339 dixisse
584 3326 605 3353 ,
625 3262 897 3371 quibus
918 3291 987 3340 es
1008 3262 1401 3340 instruehls
1420 3324 1440 3351 ,
1461 3284 1544 3338 ut
1563 3264 1875 3369 quicun-

1732 3403 1879 3482 que
