2190 3528
247 200 316 239 '16
736 186 1060 230 SERMO
1128 184 1232 228 III.

256 282 330 331 Ille
353 282 470 330 velut
490 277 703 344 quondam
730 276 770 323 se
790 275 933 331 Asini,
968 271 1161 318 Lustralis
1177 268 1316 333 Aquae
1342 271 1410 334 qui

257 350 407 415 Epotae
432 365 522 395 reus
545 343 621 392 effe
643 343 917 410 probabatur,
953 337 1185 402 positurum

258 416 414 465 Piscina
441 417 484 461 in
508 413 624 461 Sacra
653 415 803 458 cineres
825 404 1067 471 promiserat
1090 400 1190 449 effe:

258 484 489 548 Postquam
514 493 750 543 correptum
775 474 912 537 digitis
934 470 1183 536 primoribus
1211 468 1322 534 apte,
1346 499 1349 502 >

260 549 598 616 Imposltumque
617 545 734 608 Pyrae
759 540 985 606 pollinetor
1009 541 1083 585 rite
1105 534 1330 584 cremaffet.

262 618 403 665 Scribe
427 618 576 678 igitur:
611 618 777 657 LUBET
810 614 1069 655 EMERiTos
1098 613 1198 662 JAM
1235 612 1458 652 SOLVERE
1493 611 1697 653 CURRUS.

261 684 452 746 Longius
474 681 582 734 hoc,
609 678 688 730 ais,
709 674 791 720 est:
826 686 971 719 tamen
993 669 1049 716 est
1070 667 1259 715 Senecae:
1296 681 1438 716 tamen
1464 670 1521 717 est
1542 670 1604 716 mi

263 750 396 800 Nlens
415 745 560 794 eadem
583 761 628 792 ac
652 741 819 788 Phoebo
833 774 846 796 ,
875 736 1046 803 quando
1066 734 1230 783 occidit.
1283 735 1358 782 An
1379 737 1510 800 placet
1531 737 1660 785 istud:

265 823 489 865 coNDAR
521 821 595 858 uT
626 818 882 858 Exortum?
918 804 1081 868 Magna
1105 804 1162 850 est
1184 801 1331 855 fiducia
1352 802 1519 862 Parvis3

263 879 428 935 Insonti
456 881 604 939 major.
673 873 928 920 Placiturum
951 871 1178 936 exsculpere
1202 868 1364 936 poffum
1387 871 1502 920 hoc?
1563 922 1568 927 ,

265 957 384 996 DUM
414 953 623 994 MORIOR
659 951 833 989 ORIOR.
901 938 1116 986 Caefiiram
1139 938 1306 985 tendere
1326 956 1457 985 nemo

231 1017 237 1020 k
267 1012 489 1076 Scioppius
511 1007 716 1071 arguerit,
753 1023 887 1071 neque
910 1006 1101 1071 Scaligeri
1127 1005 1214 1052 duo
1239 1004 1457 1064 damnent,

268 1080 338 1129 Ni
364 1076 554 1126 medium
574 1076 742 1138 cupiant
763 1072 835 1120 fibi
860 1075 1176 1122 demonstmrier
1201 1091 1400 1137 unguem.

272 1146 397 1208 Qid
416 1145 443 1191 fi
463 1143 547 1190 fors
559 1142 725 1188 dicam?
751 1151 946 1189 CAEtuM
970 1150 1037 1187 ΕΤ
1063 1149 1241 1187 TERRA
1260 1148 1469 1189 ALTERA
1491 1148 1711 1191 RESTAT.

274 1218 352 1264 An
378 1213 563 1260 solemne
585 1207 688 1256 illud
715 1208 862 1266 nobis,
878 1225 924 1253 ac
947 1206 1049 1270 saepe
1076 1206 1319 1251 recoetume

275 1291 395 1330 NON
421 1287 554 1325 ToTr
585 1285 877 1322 OCCIDIMUS.
932 1272 1120 1338 Superest
1140 1288 1231 1336 pars
1253 1273 1416 1337 optima
1435 1271 1610 1320 Nostri:

279 1346 470 1393 Crastina
491 1341 577 1389 fors
602 1341 727 1385 etiam
754 1350 1040 1388 REDivivuM
1069 1348 1290 1387 AURORA
1318 1349 1532 1389 vassrT.

953 1460 1089 1530 III.

161 1573 481 1682 ErsstHfEc
505 1570 630 1620 Extra
653 1565 937 1616 Rhombum:
974 1566 1129 1617 inversa
1153 1570 1198 1610 δε
1220 1566 1381 1613 ratione
1405 1566 1595 1617 docendi,

400 1644 594 1690 Protinus
614 1635 890 1700 Exemplum!
929 1633 1124 1692 Qiando
1149 1632 1346 1679 mandata
1369 1634 1586 1701 capessam,

293 1713 350 1761 Et
372 1710 529 1774 Leges,
557 1705 608 1754 ad
629 1721 729 1770 quas
752 1703 924 1749 formari
945 1701 1150 1768 Symbola
1177 1700 1364 1747 debent?

290 1778 459 1828 Nonne
479 1777 561 1823 hoc
582 1774 638 1821 est
652 1806 665 1828 ,
685 1769 800 1836 quod
812 1783 865 1815 tu
888 1767 1183 1834 reprehendere
1204 1768 1306 1832 saepe
1327 1767 1485 1818 solebas

292 1847 344 1895 ln
368 1845 516 1893 nostrae
538 1838 825 1894 Doetoribus‚
860 1835 1120 1901 Orbilijsque
1138 1837 1360 1895 Juventae?

291 1917 388 1975 Qi
411 1923 655 1959 commenta
681 1906 740 1953 illi
765 1903 859 1962 sua,
890 1904 958 1952 vel
982 1902 1129 1967 mage,
1163 1901 1193 1948 sl
1212 1902 1392 1967 sapuere,

294 1984 556 2046 Scriptorum
575 1975 786 2023 Veterum
813 1970 1045 2019 obtrudunt
1065 1968 1282 2034 Exempla.
1349 1968 1483 2018 Velut
1505 1972 1578 2034 qui

298 2047 547 2098 Cerdonem
569 2043 808 2098 instituens,
842 2036 1098 2101 Crepidam,
1132 2037 1233 2082 heus
1255 2036 1383 2089 Puer!
1420 2035 1586 2102 inspice,
1612 2035 1734 2094 dicat,

300 2113 596 2166 PacSimilem.
650 2105 816 2156 Verum
840 2103 950 2152 haud
975 2103 1146 2160 doceat,
1179 2120 1266 2168 quo
1286 2103 1427 2150 subula
1448 2105 1529 2151 ritu

301 2184 529 2237 vibretur,
558 2194 645 2243 quo
667 2175 791 2221 dente
812 2171 975 2218 extendi
1002 2168 1133 2235 poffit
1156 2171 1284 2226 aluta,

302 2252 505 2313 Denique
530 2251 573 2293 in
594 2243 760 2291 alterius
783 2241 900 2286 corio
924 2237 1007 2304 qua
1034 2236 1173 2283 ludere
1197 2236 1255 2283 fas
1281 2235 1344 2283 fit.

928 2358 1045 2424 lv.

182 2499 291 2539 Am),
305 2480 488 2587 NOn
509 2494 659 2526 omnes
681 2473 751 2523 odi
772 2487 1004 2520 memores:
1044 2487 1143 2517 amo
1165 2484 1205 2517 te
1225 2471 1357 2534 magis
1378 2485 1425 2514 ex
1447 2468 1543 2525 hoc,

409 2547 549 2608 Qod
571 2547 674 2593 mihi
697 2542 896 2597 restituis,
931 2556 1023 2604 quae
1045 2553 1087 2584 te
1111 2535 1287 2585 docuiffe
1311 2552 1387 2583 nec
1410 2535 1490 2582 isto

308 2617 521 2671 Poenum,
556 2628 626 2660 aut
646 2610 773 2678 pudet
792 2608 977 2655 articulo.
1046 2603 1164 2652 Licet
1188 2602 1353 2652 Invidia
1374 2604 1481 2649 olim

311 2684 366 2731 Et
389 2681 529 2729 Maria
551 2687 595 2725 &
616 2678 797 2727 Montes
818 2672 1098 2729 commiserit,
1133 2675 1300 2738 imaque
1324 2669 1513 2723 summis,

311 2752 450 2796 Unius
473 2749 529 2795 ob
549 2747 723 2796 caudam
750 2743 896 2800 Piscis,
931 2742 1118 2805 Vinique
1142 2739 1346 2804 lagenam.

314 2817 435 2864 Nam
456 2815 555 2880 quid
576 2815 627 2861 ad
646 2815 956 2862 Oeconomum
976 2811 1150 2855 attineat
1174 2808 1241 2855 vel
1265 2821 1355 2853 tota
1381 2798 1585 2849 Academi
1608 2809 1670 2855 (b)

316 2884 503 2939 Fabi-ica,
531 2882 577 2928 ni
597 2882 739 2928 loculis
761 2880 895 2943 gravis
918 2877 974 2924 est
997 2875 1134 2932 faber,
1167 2890 1237 2922 aut
1262 2875 1386 2939 lapis>
1419 2883 1490 2916 aut
1517 2869 1634 2914 calx?

1611 3088 1752 3138 V.Sed
1791 3104 1794 3105 ’
1828 3108 1832 3113 ·

323 3233 384 3284 (b)
398 3233 591 3274 Academia
608 3230 651 3270 ab
660 3229 835 3271 Academo
849 3229 1001 3270 Athenis
1015 3228 1197 3281 aedtficata.
