2117 3543
207 304 262 323 '⁷¹’
380 287 619 335 SERMO
653 285 746 328 VII.
774 283 871 326 DE
906 276 1215 323 SYMBOLI
1267 273 1490 318 VITIIS.

791 414 1054 484 XXXI.

203 567 253 666 ἶ
275 559 511 660 {Aterion
535 552 692 598 multos
716 547 783 596 vel
807 546 1050 594 Piccinellus
1074 547 1118 592 in
1139 543 1308 593 Annos.

229 593 279 661 W
323 622 523 673 Sufficiet.
538 616 663 674 Qid
676 614 841 671 enim3fi
863 631 1024 678 magno
1042 616 1215 660 crimina
1227 612 1418 671 Mundo,
1435 623 1548 676 (bbb)

203 696 436 756 Herbaque
461 687 488 732 si
514 686 633 733 vastis
652 682 861 729 succrescit
887 682 1045 729 inutilis
1062 683 1195 745 agris,

203 763 443 810 Miramur?
465 749 743 800 Tantundem
761 749 865 811 Alij,
878 766 987 814 quos
1009 747 1141 795 dicere
1161 750 1343 811 longum
1364 747 1443 802 est,

203 829 489 890 Compertare
510 831 684 884 queunt.
734 817 778 864 Si
799 817 940 863 nolint
962 834 976 872 3
1006 814 1318 880 Chalcographi
1339 814 1439 863 dant

202 895 346 949 Ultro,
361 906 452 956 quae
472 891 596 933 toties
623 901 782 948 magno
803 900 880 930 aere
899 882 1136 930 excudimus
1163 899 1263 940 atre,

204 963 296 1029 [th
316 958 427 1025 quid
450 953 643 1002 Perditio
655 952 738 998 haec
754 959 772 998 ἓ
783 965 946 1017 poteras
966 951 1036 999 vel
1065 947 1170 997 besse
1193 952 1351 1006 locare,

200 1029 278 1078 Vel
298 1031 395 1074 dare
409 1020 668 1090 pauperibus
684 1041 699 1066 .·
716 1037 792 1066 nec
805 1021 911 1065 tanti
928 1015 1066 1064 emiffe
1088 1014 1343 1082 cachinnos]

200 1095 381 1146 Carbasa
404 1105 654 1155 magnarum
678 1085 911 1134 Thefium:
933 1084 1050 1150 queis
1068 1088 1238 1149 naviget
1250 1084 1373 1149 Argo

200 1163 321 1211 Tuta
340 1178 409 1227 per
441 1158 607 1205 lonium
626 1154 679 1202 ad
715 1154 941 1220 postremas
960 1151 1159 1200 Phafidos
1188 1170 1294 1199 oras.

201 1230 320 1288 Qiae
345 1244 459 1275 nunc
481 1222 703 1290 parietibus
723 1221 917 1286 praestant
940 1223 1110 1267 ῐεᾶοῑίει
1128 1219 1300 1276 nostris,

201 1296 524 1358 Obducuntque
537 1289 647 1355 apte,
666 1292 905 1354 quicunque
925 1288 982 1334 est
994 1321 1009 1345 3
1023 1288 1141 1333 calcis
1158 1287 1353 1345 hiatum3

201 1366 267 1413 Ut
293 1365 400 1412 muri
423 1363 576 1410 vitium
597 1358 703 1405 vitio
726 1359 885 1419 majore
915 1369 1090 1419 tegatur.

789 1477 1082 1547 XXXII.

200 1619 351 1725 ΙῖΙε
375 1617 488 1666 Fons
509 1613 709 1681 perpetuo
722 1610 828 1669 fluit,
844 1625 1130 1674 aeternumque
1147 1609 1350 1657 ministrat

314 1689 586 1735 Tomentum
599 1683 730 1737 leffis,
740 1696 846 1745 quos
867 1678 965 1726 inde
985 1679 1190 1742 replemus
1202 1711 1216 1735 ,
1228 1678 1400 1743 equinis,

201 1755 418 1807 Accedent
445 1772 458 1809 3
493 1752 657 1816 quoties
671 1746 874 1796 Funebria
893 1745 1006 1805 Justa
1020 1739 1162 1792 Pti'e'tae

201 1822 460 1888 Principibus
483 1817 647 1866 solvent
669 1833 680 1861 ε
701 1818 950 1880 quotiesque
968 1813 1031 1859 his
1049 1811 1226 1860 nastitur
1242 1809 1414 1860 Infans:

201 1893 295 1941 Aut
311 1891 474 1955 quoties
492 1901 605 1933 nova
623 1882 779 1947 Nupta
797 1881 892 1929 Viri
910 1880 1082 1927 ducetur
1102 1878 1155 1927 ad
1179 1878 1301 1936 aedeS,

201 1961 297 2007 Aut
315 1958 508 2019 Princeps
521 1952 690 2008 Vidi-or,
705 1946 911 1998 Viffl‘isve
935 1950 1149 1995 intraverit
1165 1946 1344 1994 Urbem.

197 2027 398 2089 Denique
421 2021 659 2068 multorum
680 2016 812 2063 frons
825 2048 839 2072 ,
853 2016 904 2066 ὃς
917 2014 1134 2079 Propylaea
1147 2013 1402 2061 Librorum:

198 2088 530 2154 Mantiss'amque
553 2084 680 2133 Index
700 2082 824 2130 addet
846 2081 942 2146 post
963 2084 1111 2129 omnia
1135 2080 1285 2127 noster.

77 2163 265 2218 Erasi-At
285 2176 364 2207 nos
377 2156 509 2204 Caena
522 2167 663 2210 vocat,
674 2167 766 2217 quae
785 2152 873 2211 jam
895 2146 1178 2213 corrumpitur
1195 2165 1210 2204 3
1230 2147 1315 2194 illie

199 2227 349 2277 Multa
373 2225 490 2288 super
511 2219 700 2267 mensam
723 2220 946 2293 pingemus
969 2215 1177 2279 Symbola
1198 2212 1378 2261 Baccho.

201 2296 258 2345 Et
281 2291 454 2341 redeunt
464 2284 877 2354 Operae38atyr1que
900 2280 1045 2329 Diaria
1065 2280 1257 2346 poscunt.

201 2478 314 2532 (bbb)
325 2470 507 2531 Infiripfit
524 2472 618 2510 enim
634 2467 692 2507 hic
706 2465 842 2506 Aueior
856 2470 948 2517 Opus
949 2463 1075 2517 situm:
1090 2463 1285 2506 Mundum
1300 2461 1576 2517 Symbolicum.

643 2573 1216 2646 FINIS.

1358 3301 1661 3376 INDEX.
