2117 3543
279 223 338 264 68
789 208 1076 252 SERMO
1145 207 1256 250 Vll.

282 299 376 347 Aut
403 296 561 344 obstare
589 295 716 350 nihil,
756 292 904 356 duplex
928 289 976 336 s1t
999 304 1044 335 ut
1068 289 1206 335 Unius
1227 289 1394 335 Aridior

283 364 504 431 Symboli,
535 368 579 406 δέ
602 364 778 424 ingenijs
801 370 925 423 queat
947 355 1158 402 occurriffe
1179 355 1358 410 duobus,

285 433 411 489 Qiin
433 432 544 476 hunc
565 429 728 474 alterius
754 442 841 471 rem
867 419 1107 486 sit-rapuisse
1131 420 1376 468 neeeffunk.

287 499 474 546 Dixerat.
525 492 747 557 Astiirgens
777 490 955 545 Minos,
990 487 1271 535 Menetrerius
1295 505 1461 551 aequum

288 565 449 619 Poscit,
475 565 552 608 ait:
580 562 811 624 placuitque
833 555 978 602 eadem
1003 556 1204 602 sententia
1231 558 1400 602 cunetis.

286 632 366 679 Sed
389 631 538 676 restant
563 628 643 688 alij.
710 624 807 676 Vos
832 625 995 672 voluite
1023 623 1214 680 stamina,
1239 623 1386 670 Parcae.

399 878 530 928 Erum
556 879 686 927 abeo:
710 896 837 943 grave
860 898 1043 945 namque
1067 881 1171 927 mihi
1192 880 1263 937 est,
1291 877 1468 944 spefiare
1482 878 1678 927 Reorum

400 948 632 1013 Supplicia:
668 947 891 995 obversant
909 951 1071 1005 animo,
1099 962 1381 1011 exterrentque
1398 952 1604 1011 jacentem

288 1017 482 1073 Somnia,
507 1032 688 1080 cumque
713 1013 815 1062 Reo
839 1033 932 1062 mea
954 1034 1073 1063 mens
1097 1016 1211 1063 trabe
1234 1013 1387 1080 pendet
1415 1014 1567 1063 eadem.

168 1094 273 1146 Emst.
289 1087 354 1133 At
375 1102 466 1131 non
492 1084 559 1130 illa
581 1085 707 1129 etiam
730 1097 930 1147 poterunt
947 1086 991 1130 in
1009 1084 1115 1130 furta
1141 1083 1301 1139 referre,

286 1152 446 1200 Mutua
471 1168 562 1216 quae
585 1149 751 1196 dederat
775 1148 1099 1198 Montmorius:
1138 1149 1226 1215 Ipse
1251 1149 1401 1196 fatetur

285 1223 445 1276 Petrus,
467 1218 696 1283 Adoptata.
746 1228 856 1267 Auth.
873 1217 1056 1265 Alterius
1075 1222 1147 1282 qui
1171 1218 1352 1282 Pignora
1380 1215 1558 1282 adoptat-

285 1289 384 1336 Plus
405 1287 727 1351 quinquagenis,
750 1286 819 1332 vel
843 1289 1006 1350 propria
1030 1303 1156 1350 pauca
1180 1284 1384 1339 recenset,

283 1356 370 1405 Vel
394 1352 577 1410 dubitat,
603 1369 710 1399 num
731 1349 810 1398 fint
833 1352 917 1412 sua,
942 1353 1223 1419 suspectatque
1247 1353 1506 1399 Par-entem.

163 1622 268 1675 Ernst.
284 1618 609 1722 DEtonuisti
633 1619 888 1684 aliquando?
918 1621 983 1670 At
1005 1641 1075 1671 cur
1094 1626 1138 1671 in
1153 1623 1356 1691 Symbola
1377 1628 1566 1678 transfers

399 1684 604 1751 Raptoris
625 1686 810 1745 Vitium,
834 1694 948 1753 cujus
971 1690 1080 1739 fraus
1100 1696 1272 1740 omnis?
1313 1699 1378 1742 At
1399 1697 1468 1742 illa

284 1754 400 1802 Ausa
419 1754 538 1811 nihil,
553 1754 728 1812 Jovium
741 1789 755 1813 ,
781 1761 825 1801 δε
847 1770 917 1805 tua
937 1760 1096 1806 conscia
1119 1760 1322 1810 Carmina
1344 1763 1482 1811 testor.

285 1822 406 1868 Unio
428 1840 533 1868 num
549 1820 813 1887 Cleopatraea
837 1823 1063 1873 subtraditis
1084 1827 1135 1874 ab
1158 1846 1268 1887 aure,

283 1890 470 1946 Orbem,
493 1888 756 1948 Candorem,
777 1890 962 1941 Pretium
986 1897 1168 1953 amittet,
1190 1899 1285 1960 quia
1309 1895 1424 1944 furto

283 1954 540 2004 Detraffrus?
569 1959 808 2023 vitiumque
829 1958 887 2006 sui
909 1960 1114 2026 Raptoris
1139 1964 1333 2017 habebit?

156 2030 261 2069 Auth.
284 2023 396 2071 Non
418 2023 532 2070 sane:
573 2025 748 2089 praestat,
770 2025 897 2090 quam
922 2028 952 2075 fi
981 2029 1182 2078 resolutus
1208 2048 1326 2080 aceto

286 2091 492 2139 Ventrem
519 2090 660 2138 farciat
677 2091 871 2140 Antoni.
939 2095 1107 2143 Verum
1131 2112 1274 2147 tamen
1295 2103 1438 2162 haeret,

285 2157 445 2205 Nescio
465 2175 573 2224 quae,
593 2158 706 2206 furto
728 2161 873 2208 ablatis
893 2163 1064 2211 infamia
1085 2166 1217 2213 rebus.

285 2225 501 2291 Sisyphios
521 2224 710 2272 redolent
732 2244 906 2290 ungues,
930 2229 1155 2295 laxumque
1183 2238 1406 2284 minantur.

285 2290 370 2339 Dic
394 2293 520 2357 porro
539 2309 549 2337 :
577 2292 804 2341 nullumne
826 2295 958 2342 emisti
980 2298 1204 2362 aliquando
1227 2301 1486 2353 Caballum?

277 2360 389 2407 Non
410 2373 538 2424 puto:
569 2359 833 2408 Vindelicam
857 2362 1020 2411 brevior
1044 2369 1234 2427 trajectus
1254 2368 1304 2414 ad
1322 2374 1466 2420 urbem

278 2426 314 2474 E
338 2425 488 2484 Boicfi,
508 2429 613 2474 tanti
636 2427 745 2474 haud
764 2443 862 2475 erat.
911 2441 1018 2479 ΑΜΖ).
1035 2431 1113 2479 Ast
1129 2451 1223 2498 ego.
1269 2435 1395 2485 Disce
1417 2443 1539 2506 igitur
1560 2463 1688 2504 nune,

278 2493 420 2552 Qod
444 2512 512 2541 me
537 2513 625 2541 non
651 2496 796 2560 aliquis
822 2496 1153 2557 Pexenfelderus,
1183 2519 1388 2566 equorum

276 2561 541 2608 Enumerans
566 2564 689 2609 vitia:
722 2576 788 2619 (ss)
808 2578 850 2609 at
869 2563 1010 2611 docuit
1038 2565 1265 2616 Veterinus
1288 2572 1451 2638 Apella.

278 2628 501 2685 Qiattuor
525 2632 556 2676 is
579 2629 744 2676 tantum
769 2633 923 2679 reticeri
948 2631 1061 2696 poss'e
1088 2636 1276 2699 negabat,

280 2696 343 2741 Ut
363 2710 446 2742 rata
469 2695 517 2742 slt
541 2697 730 2754 licitatio,
758 2704 803 2742 δέ
830 2700 1115 2747 irrevocabilis.
1186 2702 1299 2750 Inter

276 2763 498 2821 (Quattuor
518 2764 618 2821 haec,
649 2767 860 2812 Furtivm
884 2785 1010 2830 equus
1039 2766 1065 2813 sl
1097 2766 1208 2826 effer,
1232 2774 1491 2820 memorabat

279 2827 534 2893 Praecipuum
557 2834 720 2879 vitium.
789 2831 839 2879 In
861 2835 1024 2899 reliquis
1049 2853 1145 2882 nam
1169 2837 1303 2885 fallere
1330 2854 1509 2888 tutunh.

1523 3066 1700 3114 xxvi.

274 3220 350 3276 (ss)
370 3226 411 3260 In
433 3228 605 3274 Αῃωιωτικ
630 3228 867 3272 maritumis,
889 3246 960 3287 cap,
978 3243 1022 3278 rs.
