2190 3528
101 111 208 152 ficuli
220 114 327 152 enim
343 125 435 152 cum
448 111 649 164 voluptate
663 110 760 163 legi,
774 107 1006 160 faciliusque
1017 136 1023 149 ,
1034 120 1078 147 ac
1090 103 1262 147 tenacius
1283 109 1458 159 imprimi
1485 111 1524 147 δε
1540 104 1684 146 haerere
1697 109 1896 146 memoriae

101 171 352 210 consuevere.
458 184 514 209 uae
526 169 638 208 causa
650 167 834 207 videlicet
847 167 900 205 est
915 195 925 212 ‚
939 165 1049 219 quod
1061 170 1188 218 prima
1200 165 1490 204 Grammatices
1505 164 1708 203 Elementa
1720 166 1762 201 in
1781 164 1894 202 versi·

99 229 206 267 culos
221 226 368 281 digesta
383 253 393 268 ‚
408 231 536 280 pueris
552 224 760 266 ediscenda
777 223 997 264 traduntur.
1055 225 1160 264 Hinc
1180 226 1322 276 pariter
1343 223 1397 262 est
1413 252 1424 269 ‚
1447 219 1556 275 quod
1569 251 1578 266 ,
1600 235 1684 274 quae
1697 220 1890 274 principi&

99 285 335 324 Civitatibus
350 284 446 324 datae
461 287 582 339 Leges
608 284 769 322 fuerunt
787 312 798 329 ‚
814 282 946 329 versu,
966 281 1030 321 seu
1055 285 1232 321 carmine
1248 280 1489 322 constabant.
1549 279 1594 318 Et
1609 276 1888 331 ‚quemadmo-
1904 289 2059 326 Problem.

99 342 195 382 dum
211 343 439 382 Aristoteles
452 341 729 381 animadvertit
741 371 751 387 ,
767 340 992 380 Cantilenas
1006 368 1017 385 ,
1047 338 1096 378 ad
1125 339 1188 378 sua
1205 339 1326 392 usque
1346 350 1526 390 tempora
1542 363 1553 381 ‚
1574 349 1722 375 nomen
1736 337 1886 389 Legum
1903 341 2042 380 Se.si.19.

97 400 296 439 retinuisse
311 430 321 446 ,
335 398 441 453 quod
459 404 591 452 primae
607 403 795 439 Veterum
811 400 931 452 Leges
953 397 1172 437 Cantilenae
1197 398 1346 436 fuerint
1369 415 1380 440 ς
1412 401 1464 435 ita
1486 399 1528 433 in
1543 394 1730 434 Sermone
1755 394 1888 433 nostro
1904 387 2061 426 Proban-

96 457 321 497 Teutonico
338 461 559 497 carminum
577 458 641 496 seu
653 459 907 510 Hymnorum
923 462 963 496 &
991 453 1175 495 Odarum
1193 454 1357 509 strophae
1379 454 1507 494 brevis
1534 453 1597 492 lex
1618 450 1891 505 quaedam,mi-
1941 496 1948 502 ·

94 514 321 569 nutulaeque
345 518 464 570 Leges
489 513 688 568 hodieque
702 515 959 568 appellantur.
1019 515 1225 568 Qoniam
1239 512 1332 553 vero
1345 511 1599 553 Didafficum
1609 523 1731 565 genus
1745 523 1864 548 omne
1877 537 1888 555 ,
1901 493 2102 578 ἓέῗὲξέῢξζε

94 586 212 627 atque
238 576 342 612 Artis
360 574 560 624 cujuslibet
575 574 771 613 institutio
787 577 964 612 tetricam
991 571 1245 624 severamque
1270 572 1438 625 speciem
1464 569 1615 623 praefert
1633 599 1643 615 ,
1672 581 1759 607 eam
1786 581 1860 620 ego
1877 580 2002 619 ,Θήρῃ
2041 559 2057 568 ⁷

94 630 224 683 quoad
236 630 383 683 possem
403 658 415 674 ,
443 635 702 671 amoeniorem
724 629 892 670 reddere
907 629 1034 670 studui
1051 658 1061 675 ‚
1076 643 1120 668 ac
1129 629 1435 681 Praeceptionum
1449 625 1637 677 ejusmodi
1651 638 1887 670 amatorem,

93 702 167 727 ceu
181 690 313 742 poculi
327 688 510 729 medicati
533 704 617 729 oras
637 718 646 732 ,
678 690 947 741 qualicunque
959 687 1076 726 melle
1092 686 1268 726 oblinere
1285 700 1378 725 cum
1394 689 1578 726 Lucretio
1596 685 1679 723 sum
1694 696 1855 722 conatus
1879 699 1887 721 :

92 748 141 789 fic
156 751 264 786 enim
280 752 309 785 is
323 776 333 792 ‚
351 747 432 798 post
453 748 650 788 celebrem
664 747 773 787 illam
794 747 900 785 suam
914 748 1248 800 comparationem
1275 744 1404 783 scribit
1427 741 1475 782 ad
1499 741 1546 781 C.
1561 743 1762 782 Memium
1780 744 1822 781 L.
1835 743 1887 781 A;

92 805 220 846 chaici
233 806 360 846 filium
376 819 386 840 .-

291 884 308 894 -
343 865 540 912 ¹,Quoniam
558 860 628 900 haec
644 866 740 901 ratio
759 863 975 915 plerumque
988 859 1145 899 videtur

293 919 452 971 Trtstior
472 917 534 969 effi
563 943 575 950 ·
609 946 625 952 -
661 921 768 958 volui
791 917 862 957 tibt
881 917 1160 970 suaviloquenti

289 980 453 1015 sarnum
473 979 591 1015 Pierio
612 980 793 1016 rationem
814 989 990 1029 exponere
1002 974 1186 1027 nostram3

289 1041 334 1072 Et
358 1033 461 1086 quast
473 1032 591 1072 Muse‘o
604 1062 614 1076 ,
631 1035 730 1072 dulci
743 1037 949 1087 contingere
969 1032 1065 1072 melle
1082 1049 1090 1071 :

288 1098 327 1129 St
341 1089 522 1143 ubifortb
535 1095 699 1130 animum
717 1094 788 1130 tali
809 1103 951 1130 rattone
964 1103 1087 1130 tenere

92 1191 95 1193 ,
285 1147 438 1198 Verfibus
459 1163 499 1186 m
513 1149 618 1200 nostris
631 1147 769 1203 poffl’m.
801 1173 812 1179 -
845 1175 858 1184 .

87 1203 306 1245 Versiculos
319 1220 499 1259 praeterea
517 1208 612 1259 ipsos
642 1207 790 1247 festivis
816 1201 1015 1246 interdum
1033 1205 1335 1245 narratiunculis
1353 1201 1538 1248 miscere,
1571 1201 1794 1255 respergere
1808 1198 1882 1242 sale

85 1261 257 1314 Satyrico
271 1291 280 1307 ‚
299 1279 343 1303 ac
359 1266 423 1307 efi,
437 1279 521 1317 quae
534 1266 700 1319 Dialogo
723 1266 821 1304 inest
835 1295 845 1311 ‚
865 1266 986 1318 gratia
1002 1261 1214 1316 leporeque
1233 1261 1394 1302 condire
1419 1260 1617 1306 laboravi,
1644 1274 1682 1298 ut
1701 1276 1878 1314 quacun-

86 1333 163 1372 que
187 1326 338 1361 ratione
358 1324 530 1376 aliquem
552 1323 663 1371 hujus
687 1322 896 1375 disciplinae
918 1322 1090 1374 saporem
1118 1320 1342 1360 Letioribus
1364 1318 1619 1360 elaborarem.
1683 1318 1807 1373 Quod
1828 1334 1879 1358 an

84 1377 312 1418 consecutus
329 1381 472 1420 fuerim
489 1410 499 1426 ‚
527 1381 690 1420 istorum
707 1380 786 1419 esto
805 1378 1018 1427 judicium.
1080 1377 1280 1417 Caeterum
1304 1379 1553 1416 Oeconomia
1569 1375 1769 1414 Carminis
1797 1377 1879 1417 haec

84 1435 153 1478 est.
217 1438 408 1477 Naturam
436 1437 606 1491 primum
631 1452 749 1491 atque
784 1438 933 1476 Ortum
959 1463 969 1479 ,
991 1436 1056 1474 seu
1077 1437 1235 1473 Natales
1260 1430 1458 1487 Symboli,
1477 1434 1636 1485 perfesri
1654 1463 1664 1479 ‚
1692 1436 1877 1482 Heroici‚

84 1507 161 1547 quo
181 1493 230 1533 de
244 1501 434 1549 pr.rcipua
455 1495 554 1535 mihi
570 1497 767 1536 Trasiatio
782 1495 836 1535 est
854 1524 864 1541 ‚
895 1494 1088 1546 explicare
1109 1492 1318 1547 aggredior
1351 1510 1360 1528 ;
1394 1491 1528 1529 Trado
1550 1489 1641 1528 dein
1665 1496 1743 1537 ejus
1769 1492 1878 1531 Defi-

79 1554 272 1592 nitionem
302 1582 314 1599 ,
356 1568 401 1594 ac
420 1554 570 1593 summa
591 1559 769 1607 quinque
791 1550 1065 1607 generaliaque
1079 1552 1186 1590 Pauli
1202 1553 1303 1600 Jovij
1321 1550 1523 1602 Praecepta.
1572 1549 1759 1587 Geminas
1782 1564 1876 1601 prae-

81 1621 186 1649 terea
210 1625 332 1663 partes
345 1641 355 1659 ‚
372 1613 511 1666 quibus
527 1612 786 1665 perficiuntur
800 1610 982 1664 Symbola
1005 1610 1157 1663 prorsus
1169 1612 1305 1647 omnia
1320 1639 1330 1655 ,
1344 1606 1500 1659 Corpus
1522 1604 1705 1645 videlicet
1721 1621 1764 1645 ac
1788 1614 1874 1647 Ani-

78 1669 390 1723 mam‚seu‚quod
405 1669 509 1709 idem
521 1670 776 1725 est.Figuram
789 1684 833 1709 ac
850 1667 1197 1714 Lemma,totidem
1213 1664 1454 1706 sermonibus
1470 1664 1874 1719 exponozduobusque

75 1727 154 1772 aliis
168 1741 346 1766 ornatum
360 1759 370 1775 ,
382 1728 554 1782 vitiaque
569 1729 845 1780 Symbolorum
861 1740 1015 1768 enarro.

189 1785 311 1825 Porro
326 1785 416 1825 cum
433 1788 621 1839 Exempla
634 1801 715 1826 non
730 1786 777 1826 ad
791 1783 989 1840 agendum
1005 1782 1125 1824 modo
1142 1811 1152 1826 ‚
1174 1779 1312 1822 verum
1337 1783 1455 1819 etiam
1473 1775 1522 1818 ad
1545 1776 1850 1835 intelligendum
1866 1802 1877 1824 ,-

77 1839 185 1893 quod
196 1849 413 1896 praecipitur
427 1873 437 1890 ‚
453 1843 668 1898 plurimum
693 1846 846 1885 valeant
862 1872 871 1888 ‚
885 1856 1022 1884 eorum
1039 1855 1200 1896 quoque
1214 1853 1424 1879 numerum
1446 1837 1544 1875 bene
1558 1853 1749 1893 magnum
1769 1839 1873 1878 dele·

76 1901 138 1951 gi.
161 1898 282 1954 eaque
299 1906 339 1940 in
356 1916 524 1956 quatuor
542 1903 686 1943 Class'es
701 1902 901 1946 distribui,
914 1914 1030 1955 prout
1044 1912 1279 1954 argumento
1293 1925 1303 1942 ,
1319 1903 1359 1937 &
1378 1897 1592 1936 Annorum
1606 1899 1762 1936 suorum
1774 1911 1875 1936 con-

76 1954 159 1994 silio
177 1986 186 2002 ,
202 1959 477 2014 propofitoque
499 1958 659 2000 differre
685 1960 933 2001 videbantur.
995 1962 1131 2011 ltaque
1142 1959 1254 1997 Sacra
1266 1986 1276 2003 ,
1292 1957 1355 1995 seu
1380 1954 1604 1993 Christiana
1620 1959 1785 2007 primam
1802 1959 1874 1993 mi-

74 2011 117 2052 hi
133 2013 301 2056 Classem
317 2018 571 2057 constituunt,
633 2020 841 2062 Militaria,
860 2019 1015 2057 Erotica
1030 2046 1039 2062 ,
1056 2019 1192 2069 Regia,
1208 2009 1442 2066 proprieque
1457 2011 1558 2050 dista
1574 2015 1744 2051 Heroica
1756 2042 1765 2057 ,
1783 2026 1872 2065 pro-

73 2074 234 2111 xImam.
297 2074 470 2114 Tertiam
485 2074 629 2116 deinde
644 2077 795 2115 faciunt
811 2076 946 2117 Ethica
962 2080 1001 2113 ἃς
1015 2074 1174 2112 Politica
1186 2102 1196 2117 ‚
1212 2082 1297 2124 quae
1312 2083 1440 2108 mores
1454 2069 1684 2108 informant.
1725 2071 1871 2109 Postre-

75 2141 181 2168 mam
196 2129 371 2184 denique
386 2133 555 2184 Satyrica
569 2165 578 2180 ,
609 2133 750 2188 quibus
772 2136 866 2171 vitia
885 2143 1111 2181 carpuntur.
1172 2126 1378 2167 Immerito
1390 2131 1497 2165 enim
1513 2125 1595 2166 haec
1618 2130 1757 2166 ultima
1784 2140 1870 2167 toto

73 2186 350 2238 Symbolorum
375 2191 517 2244 Regno
535 2189 788 2243 proscripsisse
804 2190 902 2227 visus
924 2189 978 2226 est
1008 2200 1094 2226 tum
1115 2185 1236 2232 mihi,
1260 2198 1345 2224 tum
1372 2186 1451 2230 alijs
1472 2185 1655 2235 Moynius
1689 2202 1696 2223 z
1731 2188 1872 2238 utique

70 2242 163 2283 cum
182 2249 223 2284 in
255 2246 453 2299 suamipse
477 2249 606 2301 legem
631 2248 749 2287 semel
776 2245 1001 2298 iterumque
1027 2245 1208 2297 peccarit.
1269 2242 1405 2283 Videri
1439 2254 1570 2280 autem
1592 2256 1680 2282 mea
1708 2254 1871 2296 quoque

71 2301 141 2342 ista
165 2303 443 2357 quadripartita
461 2303 599 2344 divisio
620 2305 727 2359 poffit
741 2304 935 2357 aliquibus
947 2332 957 2349 ,
973 2316 1054 2341 non
1071 2302 1178 2353 justis
1195 2299 1296 2341 adeo
1309 2298 1551 2354 praecisisque
1567 2299 1760 2340 limitibus
1791 2306 1869 2340 cir-

69 2360 322 2414 cumscripta,
339 2375 381 2401 ut
396 2376 476 2401 non
491 2367 531 2401 in
548 2363 718 2405 Classem
734 2367 905 2402 vicinam
922 2391 932 2407 ‚
946 2359 996 2399 ob
1011 2359 1215 2399 modicum
1237 2374 1248 2399 ε
1265 2363 1334 2413 qui
1358 2358 1516 2397 interest
1528 2386 1538 2403 ‚
1554 2357 1703 2398 sulcum
1719 2371 1784 2398 aut
1801 2361 1872 2398 cli·

68 2430 165 2457 vum
185 2419 580 2472 transferriSymbola
599 2420 797 2475 quaedam,
813 2433 931 2472 atque
946 2418 1081 2457 Ethica
1096 2418 1219 2457 Sacris
1239 2446 1249 2463 ,
1280 2423 1321 2458 δε
1341 2418 1514 2457 Heroica
1533 2416 1695 2454 vicisfim
1721 2416 1868 2457 Ethicis

66 2480 316 2517 annumerari
341 2492 499 2532 queant.
563 2478 701 2519 Minus
721 2491 871 2523 tamen,
893 2489 936 2516 ut
955 2475 1120 2516 arbitror
1139 2506 1149 2522 ‚
1169 2473 1484 2514 incommodabit
1505 2473 1585 2513 haec
1611 2469 1834 2513 confinium
1850 2501 1862 2522 s

64 2534 295 2575 aelimitum
315 2535 528 2590 designatio
544 2567 555 2584 ,
568 2534 728 2591 quando
752 2538 854 2576 illius
873 2547 946 2588 ope
967 2532 1113 2575 Indicis
1130 2559 1140 2579 ,·
1163 2546 1285 2587 quem
1300 2529 1531 2586 Figuratum
1545 2545 1590 2569 ac
1610 2533 1868 2574 Lemmatum

66 2590 144 2631 feci
159 2622 170 2638 ,
187 2606 318 2645 tuopte
331 2593 490 2633 arbitrio
502 2600 645 2648 poteris
659 2624 669 2642 ‚
685 2594 914 2645 ubicunque
926 2590 1150 2639 libuerit‚ea
1164 2605 1354 2645 reponere
1369 2605 1413 2630 ac
1430 2588 1591 2642 profana
1605 2592 1722 2627 etiam
1736 2619 1746 2635 ,
1757 2584 1867 2643 quod

65 2650 159 2704 saepe
169 2650 319 2697 licebit,
333 2658 375 2692 ἃς
390 2653 607 2693 Piccinello
628 2651 790 2707 quidem
808 2651 967 2691 solenne·
988 2681 999 2698 ,
1023 2665 1068 2691 ac
1089 2662 1321 2703 perpetuum
1341 2649 1395 2688 est
1409 2678 1419 2693 ,
1442 2646 1642 2700 Religioni
1658 2642 1861 2686 consecra-

63 2721 118 2747 re.
170 2708 347 2749 Studiose
363 2709 456 2749 vero
471 2710 518 2751 ab
531 2714 701 2751 aliorum
714 2740 724 2757 ,
737 2722 846 2763 puta,
858 2710 1059 2749 Piccinelli
1079 2706 1252 2759 ejusdem
1269 2738 1279 2755 ,
1303 2707 1531 2754 Menetretij
1547 2731 1557 2747 ,
1574 2710 1615 2745 δε
1627 2733 1638 2751 ,
1659 2708 1728 2757 qui
1743 2704 1860 2757 Apeli

66 2766 145 2805 lem
156 2766 423 2819 Symbolicum
438 2769 644 2810 novissime
659 2770 834 2823 vulgavit
848 2769 927 2814 ‚Jo.
946 2764 1157 2807 Michaelis
1177 2773 1263 2810 Όῠη
1284 2762 1356 2808 Det
1373 2761 1569 2810 stetten!
1594 2763 1777 2815 exemplo
1801 2777 1864 2801 re.

62 2822 150 2864 ceffi
164 2851 176 2868 ‚
194 2828 359 2877 quinon
377 2827 499 2867 alium
519 2831 560 2866 in
576 2825 821 2867 recensendis
835 2823 1024 2878 Symbolis
1039 2852 1051 2868 ,
1065 2822 1184 2880 quam
1198 2823 1428 2875 Figuratum
1441 2847 1451 2862 ‚
1462 2819 1539 2874 slve
1556 2818 1782 2873 Corporum
1794 2834 1861 2859 or-

61 2881 200 2922 dinem
222 2895 357 2922 teuent
384 2899 393 2922 :
424 2885 476 2924 Ea
494 2885 587 2925 vero
601 2887 777 2939 Corpora
791 2890 831 2924 δε
850 2884 996 2937 Figurae
1008 2913 1017 2928 ‚
1033 2897 1075 2922 ut
1092 2881 1141 2922 ad
1163 2878 1433 2921 diverfiffimos
1450 2876 1545 2916 fines
1569 2881 1617 2916 ab
1632 2879 1857 2917 Inventori-

63 2938 132 2979 bus
153 2939 225 2979 suis
239 2942 363 2981 relatae
381 2941 511 2990 fuere,
527 2943 575 2984 sic
597 2958 641 2984 ea
655 2947 752 2983 ratio
765 2971 775 2988 ‚
791 2956 835 2981 ae
849 2938 1060 2982 methodus
1090 2942 1255 2994 longum
1276 2964 1288 2984 ,
1318 2951 1363 2977 ac
1390 2935 1586 2976 sinuosum
1603 2939 1675 2975 iter
1689 2935 1860 2988 praebere

60 2996 286 3045 videbatur,
303 3000 478 3040 Heroem
494 3002 606 3042 suum
624 3001 672 3042 ab
686 3001 816 3055 aliqua
834 3002 1009 3046 Virtute,
1026 3000 1196 3038 Munere
1212 3025 1223 3043 ,
1238 2993 1470 3035 Induffione
1486 2997 1632 3040 animi,
1655 2993 1854 3041 Consilio,

57 3061 100 3096 δε
114 3056 312 3110 Proposito
329 3057 523 3099 celebrare
540 3062 707 3102 volenti.
764 3059 835 3098 Per
853 3057 947 3110 ipsas
966 3055 1096 3110 potius
1113 3059 1288 3096 Virtutes
1305 3083 1315 3101 ,
1329 3053 1485 3099 Mania,
1500 3050 1855 3106 magnanimosque

55 3113 165 3153 ausus
177 3143 187 3160 2
206 3121 247 3156 &
260 3129 381 3156 omne
394 3130 517 3170 genus
540 3118 663 3164 πάθος
683 3117 828 3158 ducere
853 3129 890 3154 re
904 3113 1141 3169 compendi&
1156 3111 1498 3167 volui,uthaberes
1516 3109 1643 3148 statim
1660 3114 1701 3148 in
1719 3123 1854 3162 prom-

56 3183 126 3225 Ptu
139 3201 150 3218 ‚
162 3185 247 3225 quae
261 3173 361 3213 forte
383 3188 622 3230 percuperes.
687 3172 810 3232 Qiod
825 3173 850 3212 fi
869 3178 1035 3213 omnino
1051 3172 1121 3212 tibi
1139 3172 1262 3211 fixum
1275 3170 1365 3210 esset
1379 3198 1389 3217 ,
1404 3182 1485 3209 non
1504 3167 1575 3206 nifi
1590 3168 1720 3207 Solem
1735 3198 1746 3215 ‚
1775 3167 1856 3206 Lu-

57 3243 150 3271 nam
164 3259 176 3278 ι
197 3231 592 3286 Aquilam‚1.eonem
613 3229 690 3276 δάε.
721 3230 970 3330 produceregl
982 3231 1117 3284 praesto
1132 3229 1202 3271 tibi
1217 3242 1296 3270 erat
1311 3229 1466 3270 futurus
1480 3223 1607 3274 idem,
1621 3222 1856 3321 quechlixi,

999 3305 1017 3328 1
1768 3295 1855 3336 'gu‘

1898 800 1970 856 Lib.
1982 816 2017 845 4..
2024 805 2063 838 de

1895 856 1968 888 Rer.
1978 856 2121 888 Natura.-
