2117 3543
739 197 839 242 DE
899 192 1217 239 SYMBOLI
1285 193 1515 237 VITIIS.
1774 201 1835 249 69

392 439 567 543 POst
587 438 793 504 Capitalia
806 473 819 496 ,
854 339 1272 488 ὧηῖξξζωὲνίῐία
1294 436 1488 505 quaedam

483 509 664 554 Peccata.
732 507 796 554 At
813 506 953 571 primo
972 507 1178 565 concede,
1209 507 1388 554 refellere
1414 510 1602 573 iniquam

393 574 627 622 censuram
653 573 885 621 Piccinelli:
920 575 1152 620 Trans-latio
1172 575 1373 638 Idemque

394 642 492 688 Una
514 641 581 687 cui
605 659 680 706 pro
704 659 746 687 re
770 645 953 707 capitur:
988 640 1062 687 ceu
1089 639 1118 686 fi
1146 639 1311 688 Bovem
1334 641 1491 688 Aratro

394 710 543 774 Atque
557 708 656 755 Arce
681 709 869 755 medium
892 709 1065 756 statuas:
1096 719 1170 758 AD
1201 718 1512 776 UTRUMQJE
1543 717 1791 766 PARATUS‚

394 774 618 823 Inscribas:
648 774 696 822 fit
719 776 881 841 prorsus
905 774 1033 832 idem,
1054 793 1100 822 ac
1121 774 1255 821 dicas:
1290 779 1377 840 Ego
1389 777 1492 839 fitm
1511 779 1595 823 Bos
1607 799 1621 824 .-

394 841 578 890 I-Iistrice
599 861 779 907 cumque
802 842 868 890 sufi
893 841 1126 889 Lodoicus:
1162 845 1324 893 Porcus
1346 860 1419 907 ego
1429 844 1545 906 fimz„
1585 858 1651 902 (tt)

396 908 529 974 quue
553 913 636 965 ait,
664 912 834 973 ingenio
857 909 1020 956 cuidam
1049 927 1206 973 magno
1228 907 1303 955 effe
1327 924 1537 957 notatum.
1568 924 1646 967 (uu)

396 975 524 1024 Estne‘
546 976 650 1023 adeo
671 975 806 1022 fatuus
828 980 1069 1041 quisquam,
1089 976 1232 1023 Simile
1256 979 1363 1022 inter
1384 975 1584 1041 Idemque

396 1043 560 1091 Ponere
586 1042 803 1090 discrimen
830 1046 902 1107 qui
926 1043 1105 1091 nesciat?
1149 1042 1203 1090 Et
1223 1059 1366 1090 tamen
1388 1047 1529 1090 omnis

397 1109 504 1158 Hoc
523 1109 766 1156 Translatio
785 1111 932 1157 habet:
970 1110 1181 1158 Naturam
1202 1111 1254 1157 fic
1279 1125 1326 1157 ut
1350 1109 1529 1158 eandem

396 1175 562 1226 Asserat
590 1175 666 1224 effe
690 1176 878 1233 duobus,
905 1181 1007 1243 quin
1033 1179 1266 1225 conflentur
1285 1180 1326 1224 in
1353 1195 1483 1224 unam

398 1245 655 1309 Simplzciter
669 1247 864 1309 speciem.
931 1245 1051 1292 Nam
1076 1262 1168 1310 quae
1190 1245 1286 1292 dein
1306 1244 1511 1310 Symbola
1535 1246 1688 1295 condes

398 1312 572 1377 Tuque,
594 1314 738 1376 tuique
760 1326 926 1367 ornnes>
946 1313 1009 1358 lex
1030 1313 1130 1369 hat-c,
1158 1326 1251 1359 tuus
1273 1312 1343 1358 iste
1364 1312 1521 1360 Canon
1549 1313 1578 1359 fi

399 1377 660 1426 Servandus?
692 1377 854 1435 Solem,
881 1375 1134 1443 Lunamque
1160 1397 1206 1426 ac
1230 1378 1367 1425 Sidera
1390 1379 1559 1427 tantum

401 1448 475 1493 An
494 1446 611 1508 super
632 1441 709 1489 effe
733 1445 873 1500 voles,
899 1459 945 1489 ut
969 1445 1101 1509 possis
1122 1446 1277 1491 dicere:
1308 1446 1384 1490 Sol
1395 1448 1527 1509 sttm?

400 1515 468 1561 At
492 1512 636 1558 malles
660 1508 745 1556 Bos
767 1508 843 1557 effe
868 1524 1035 1569 tamen,
1066 1511 1095 1558 fi
1120 1512 1246 1558 libera
1271 1511 1392 1557 detur

403 1579 569 1645 Optio,
598 1575 728 1643 quim
749 1577 863 1626 sensu
877 1611 891 1637 ,
926 1583 971 1627 δέ
997 1579 1083 1630 vitai
1105 1596 1202 1626 cum
1226 1577 1327 1626 Sole
1351 1595 1494 1626 carere.

404 1816 653 1921 PEcccmt
683 1817 725 1865 hi
747 1834 943 1884 quoque,
961 1820 1034 1883 qui
1058 1816 1290 1881 Adjectivis
1307 1814 1507 1865 Nomina
1529 1817 1699 1884 stipantx

497 1885 627 1951 idque
649 1883 760 1932 Italis
784 1884 949 1941 tantum
977 1884 1144 1949 quidam
1168 1885 1338 1932 voluere
1366 1886 1500 1942 licere,

405 1951 505 2008 Qi
528 1952 675 1999 Versus
702 1967 816 1999 totos
839 1952 1037 2003 adhibent
1060 1970 1138 2016 pro
1152 1950 1390 1999 Lemmate.
1452 1952 1645 2010 Peccant,

407 2018 505 2075 Qi
526 2019 612 2066 duo
638 2020 748 2066 idem
771 2023 1039 2083 conjungunt
1062 2017 1333 2082 significantia
1358 2018 1496 2066 verba.

408 2084 601 2132 Carduus
624 2087 815 2150 exemplo
837 2085 909 2142 est,
933 2088 1003 2149 qui
1032 2093 1272 2138 LEVIGAT,
1287 2092 1353 2131 ET
1382 2092 1562 2133 POLIT:
1591 2085 1664 2132 etsi

407 2150 560 2200 Dicere
583 2152 674 2217 plus
702 2151 859 2216 aliquid
884 2152 1074 2199 videatur
1094 2149 1202 2197 velle
1224 2147 1491 2197 secundum-2.

407 2219 519 2267 Sunt
540 2222 681 2276 etiam,
709 2219 856 2282 quibus
880 2219 936 2265 est
956 2217 1186 2280 Interprete
1212 2232 1345 2281 opus:
1376 2215 1614 2282 facibusque

409 2287 616 2334 Admotis
638 2285 820 2351 propius.
889 2283 1127 2332 Candelam
1158 2283 1317 2329 lumine
1347 2280 1495 2329 caffam

409 2367 468 2405 IN
501 2364 745 2405 TENEBRIS
768 2353 928 2417 posuit,
948 2355 1178 2417 pariterque
1200 2348 1396 2415 inscripfit
1417 2350 1603 2399 Acastus.

410 2422 495 2470 Nil
522 2424 659 2486 potuit
683 2423 814 2484 magis
840 2419 1030 2467 obscure:
1065 2435 1200 2482 neque
1219 2433 1400 2482 quaerere
1424 2435 1537 2464 cures

412 2489 537 2550 (Quid
562 2489 688 2544 velit3
719 2502 789 2533 aut
813 2488 973 2534 catulos
999 2490 1106 2534 inter
1128 2483 1245 2532 Leo:
1282 2495 1478 2534 RUGIET
1508 2496 1662 2545 ANTE,

414 2557 646 2621 Tanquam
674 2557 918 2611 vaticinans,
941 2558 1011 2619 qui
1035 2554 1150 2600 dixit.
1219 2550 1394 2616 Nempe
1415 2556 1601 2599 remittet

413 2624 489 2672 Ad
518 2624 670 2670 librum
694 2637 749 2678 te>
770 2621 906 2668 nescio
932 2637 1082 2686 quem:
1113 2637 1205 2666 non
1234 2617 1332 2665 ante
1354 2618 1448 2665 suos
1473 2619 1590 2684 quod

415 2689 606 2755 Castiget
622 2688 728 2746 Leo>
756 2688 882 2752 quim]
905 2692 1040 2754 rugitu
1061 2699 1413 2754 praemoneantur.

415 2757 596 2807 Obscuri
624 2759 799 2813 lateant,
833 2757 1026 2819 ultroque
1051 2757 1177 2803 latere
1206 2753 1408 2799 volentes.

416 2826 614 2872 Proxima
638 2825 731 2872 sunt
749 2824 861 2870 Falsa
882 2823 1103 2871 Obscuris:
1142 2821 1300 2867 nullam
1324 2819 1412 2875 ista,
1437 2818 1616 2864 alienam

419 2891 493 2939 Illa
517 2896 662 2939 animo
683 2891 856 2957 speciem
879 2890 1104 2953 objectant,
1129 2888 1361 2951 falluntque
1383 2883 1638 2935 videntem„

419 2959 519 3007 Hiic
542 2963 690 3007 iterum
718 2960 840 3005 multi
868 2961 953 3004 veri
978 2961 1130 3006 virtute
1152 2954 1354 3001 laborant.

421 3025 547 3086 Qid
573 3029 758 3073 mirum?
789 3043 874 3073 rara
899 3025 967 3072 est.
1034 3025 1262 3079 Mentitur,
1283 3017 1393 3067 Lilio
1419 3019 1527 3084 Apis
1548 3034 1638 3083 quae

1101 3088 1120 3136 I
1152 3102 1173 3134 2
1787 3078 1858 3130 In-

424 3175 498 3230 (tt)
521 3183 613 3216 Nam
631 3176 762 3215 Gallis&
784 3175 920 3228 Ilissrix
948 3174 993 3226 est
1014 3174 1121 3214 Porc'
1139 3188 1224 3227 epy.
1285 3174 1368 3224 (uu)
1384 3170 1569 3225 Philippus
1581 3168 1692 3208 Abhas
1703 3174 1860 3213 Picinel..

424 3237 481 3275 lus
498 3239 536 3276 in
549 3236 716 3274 maestam
727 3259 739 3278 >
755 3237 817 3289 qul
831 3233 961 3272 Mundo
979 3231 1164 3284 Symbolz'co
1184 3236 1222 3270 in
1239 3230 1394 3272 editione
1404 3237 1540 3270 Lanam
1550 3231 1799 3282 premittitur.
