2190 3528
332 240 392 285 34
809 211 1249 259 SERMOV.

327 307 581 364 NUSQVAM
610 303 759 343 ΜΕΤΑ
788 301 912 341 MIHI.
952 299 1128 337 PATET
1152 295 1378 334 OMNIBUS
1403 296 1550 335 UNUS.
1587 297 1654 336 Et:
1677 297 1766 335 UNI

330 380 546 420 CUNCTA
576 371 805 414 PATENT.
841 356 1017 405 veheris
1035 368 1363 416 nonnunquam,
1378 348 1554 408 Phoebe,
1569 352 1767 418 quadriga

330 435 422 483 Hic
441 436 580 480 etiam.
629 429 836 476 Numera.
882 433 982 471 Tim
1010 433 1064 470 SE
1092 432 1352 469 PERITURA
1377 431 1655 482 RESERVAT‚

334 503 412 550 Sol
432 500 598 547 Lunam
619 495 779 540 feriens.
847 488 1114 537 Collustrans
1138 485 1322 534 Lumine
1343 485 1522 533 Terras:

334 582 406 620 ME
431 573 646 634 QVOQJE
671 570 813 607 FATA
844 567 1074 607 REGUNT.
1147 552 1271 601 Dum
1290 553 1420 617 fignat
1437 555 1683 604 Gnomonis
1699 554 1919 601 umbram}

335 645 488 685 LEGES
518 640 586 678 ET
614 638 770 676 fAc1T
796 636 866 675 ET
895 635 1115 674 SERVAT:
1138 623 1232 682 Jam
1255 626 1402 686 quinta
1426 637 1582 687 reperta
1604 623 1661 670 est

338 702 457 748 Vox:
493 693 757 758 totidemque
780 691 901 739 refert
921 690 1164 738 Sciatherica
1185 690 1392 737 Machina
1413 705 1551 737 voces.

335 783 407 820 Tu
434 777 547 816 MIHI
574 773 941 831 QvoocuNQVE
969 773 1079 810 Hoc
1105 771 1273 810 REGNI.
1304 768 1382 814 (gg)
1410 755 1617 805 Tribuere
1631 757 1771 805 Poetae

336 837 548 897 Pleraque,
571 829 709 889 Naso,
737 828 896 878 Maro:
930 841 1126 893 poterant
1147 825 1328 874 tribuisse
1351 823 1482 874 videri

336 902 499 950 Caetera
564 927 584 935 -
658 925 679 935 -

941 976 1101 1046 XlI.

489 1121 509 1129 -
578 1088 687 1137 Scire
707 1087 825 1136 voles
846 1088 1015 1144 iterum,
1038 1085 1113 1134 nisi
1132 1086 1272 1143 fallor,
1303 1096 1521 1143 ERASTE;

338 1159 491 1208 Solane
516 1157 596 1205 sint
621 1155 741 1204 nobis
760 1153 950 1201 adeunda
971 1155 1160 1202 Oracula
1182 1154 1366 1210 Vatum,

337 1228 477 1275 Aurea
498 1225 591 1290 quis
613 1223 807 1287 Augusti,
832 1235 904 1269 aut
928 1225 1118 1287 proxima
1141 1223 1284 1268 floruit
1311 1228 1437 1268 aetas?

337 1295 466 1343 Num
491 1294 589 1357 stipe
618 1309 692 1354 pro
717 1289 878 1337 modica
906 1288 1035 1354 [quid
1061 1292 1172 1335 enim
1198 1287 1449 1353 sperabimus
1474 1285 1571 1333 inde

337 1363 462 1408 Ultra
489 1358 844 1406 Hemistichium!
864 1350 881 1419 ]
919 1355 1113 1420 pulsanda
1134 1356 1190 1402 est
1204 1357 1338 1414 Janua
1356 1370 1489 1402 avarae

336 1427 634 1491 Mendicaeque
660 1424 865 1471 poeseos?
913 1423 1003 1469 Hic
1028 1441 1107 1486 ego
1128 1424 1326 1487 percupio
1347 1420 1425 1468 esse

337 1496 522 1560 Largus3
551 1500 593 1538 &
614 1492 684 1548 est,
701 1490 886 1537 dextram
907 1491 1010 1536 mihi
1034 1492 1106 1554 qui
1122 1489 1310 1554 explicat,
1324 1494 1485 1536 unus&
1506 1488 1621 1534 alter.

339 1563 591 1627 Exemplum
615 1573 711 1606 ante
735 1575 901 1614 omnes>
925 1555 1042 1621 quod
1064 1554 1178 1620 Lege
1205 1560 1432 1621 potentius.
1488 1555 1554 1603 At
1575 1569 1623 1602 tu

338 1628 555 1695 Experiere
577 1625 685 1693 prius
701 1660 715 1682 ,
751 1639 936 1673 veterem
963 1624 1138 1688 expilare
1166 1625 1341 1670 poetam

339 1700 415 1747 An
437 1695 576 1743 dextre
603 1691 748 1759 possis.
819 1691 946 1747 Felix,
971 1694 1036 1736 cui
1060 1693 1200 1737 vivere
1224 1705 1344 1756 rapto

339 1766 556 1828 Contigit,
584 1777 707 1826 atque
730 1759 824 1806 suos
849 1760 972 1805 alieni
994 1757 1124 1804 fontis
1153 1759 1195 1805 in
1217 1774 1339 1823 agros

341 1833 543 1881 Derivare
567 1830 752 1876 undam:
789 1829 962 1892 proprijs
986 1830 1031 1870 &
1057 1843 1145 1872 non
1173 1825 1241 1872 sua
1267 1842 1411 1889 poma,

341 1900 569 1963 Tanquam
593 1898 673 1943 istis
696 1908 899 1960 prognata
920 1893 1075 1949 forent,
1102 1891 1342 1957 suspendere
1364 1894 1501 1940 ramis.

342 1966 564 2031 Ingenium
589 1964 771 2010 obleetat
792 1978 923 2025 genus
946 1959 1027 2006 hoc
1048 1959 1317 2007 Translatio:
1353 1973 1514 2026 praeter,

340 2033 495 2093 Qam
520 2030 630 2097 prius
654 2029 868 2084 intellexit,
900 2027 998 2073 cum
1023 2025 1160 2073 subito
1182 2045 1296 2076 nova
1317 2026 1445 2091 surgit

341 2101 546 2166 Interpres
569 2115 743 2154 vocum,
775 2101 820 2140 δε
839 2111 977 2141 rerum
999 2092 1234 2140 Sententia:
1265 2105 1346 2151 (hh)
1383 2107 1588 2159 tanquam

342 2169 494 2215 Unum
513 2181 555 2213 te
575 2179 742 2231 propter
763 2160 980 2227 quondam
1004 2157 1190 2225 scripfisse
1210 2175 1380 2226 putetur

346 2235 502 2283 Vates:
536 2230 696 2281 diverso
717 2229 815 2277 cum
842 2227 980 2275 luserit
999 2229 1288 2291 Argumento.

354 2493 496 2599 AT
521 2510 610 2539 non
634 2504 863 2557 propterea,
887 2489 918 2536 fi
944 2489 1031 2554 spes
1054 2486 1238 2535 frustrata
1266 2500 1354 2533 tuas
1381 2488 1438 2535 est

454 2560 579 2607 Musa
602 2574 721 2607 vetus
737 2591 752 2616 ,
782 2561 960 2620 rogitata
993 2555 1114 2611 lieet3
1149 2570 1190 2602 te
1213 2570 1390 2620 quaerere
1413 2553 1568 2614 restim,

355 2629 409 2675 Et
435 2631 603 2675 furcam
627 2627 751 2687 jubeo
767 2658 782 2681 ,
818 2623 891 2671 fias
914 2638 960 2670 ut
983 2628 1147 2670 Littera
1168 2627 1327 2686 Longa.

355 2695 444 2760 Ipse
469 2710 562 2741 tuus
584 2694 658 2741 tibi
682 2693 813 2760 [nam
840 2692 959 2748 licet,
987 2696 1031 2735 &
1060 2686 1209 2755 potes]
1245 2690 1332 2737 esto
1354 2687 1498 2736 Poe'ta.

356 2763 432 2810 An
454 2762 616 2808 nullum
640 2762 696 2808 est
719 2759 813 2807 ideo
837 2757 980 2821 Bolidj
1003 2756 1149 2814 decus,
1189 2758 1282 2804 huic
1306 2757 1403 2820 quia
1425 2755 1592 2803 nullum

355 2829 557 2892 Virgilius
579 2826 741 2874 versum
766 2824 958 2882 donavit,
987 2824 1252 2890 Lemmaque
1274 2821 1428 2870 Naso?
1462 2823 1539 2871 An

358 2892 595 2959 Inscripfiffe
621 2895 756 2941 nefas:
783 2906 959 2946 ALTER
988 2906 1120 2943 PosT
1144 2903 1378 2943 FULMJNA
1402 2902 1639 2942 TERROR?
1668 2905 1737 3005 (ῐῖῑέ

1741 2975 1791 3005 oc

362 3043 450 3096 (gg)
465 3043 617 3094 Symbola
637 3045 727 3098 fiant
754 3057 820 3098 pro
847 3053 938 3101 Rege
959 3047 1075 3085 Gallie
1093 3044 1273 3083 Ludovico
1291 3052 1396 3085 XIV:
1421 3048 1636 3083 concinnata
1661 3042 1683 3081 ὰ
1700 3050 1741 3083 Ρ.
1755 3045 1791 3083 lc

361 3108 494 3150 qum,
515 3101 560 3143 εἴ
569 3108 601 3139 D
630 3102 673 3140 de
683 3109 873 3143 Montmor.
931 3106 1018 3153 (hh)
1043 3103 1187 3154 Arssot.
1197 3117 1228 3149 3.
1243 3102 1343 3142 Rhet.
1357 3120 1386 3143 c.
1401 3117 1445 3142 ιι.
1473 3104 1628 3141 Dicitur
1643 3102 1788 3141 Trans-

312 3182 315 3185 -
360 3159 467 3203 imo,
482 3158 569 3198 cum
591 3174 686 3200 nova
707 3162 902 3201 dicuntur:
932 3163 1036 3213 quod
1049 3160 1106 3203 fit,
1124 3158 1213 3200 cum
1232 3175 1366 3214 praeter
1387 3162 1612 3214 opinionem
1630 3158 1688 3201 fit,
1703 3174 1787 3199 non

363 3229 402 3254 ut
420 3218 483 3253 'ille
516 3218 632 3258 dlxit‚
663 3217 684 3254 fi
705 3220 752 3257 ad
784 3221 952 3268 priorem
984 3221 1213 3272 opinionem
1239 3219 1418 3260 conferas.
1476 3216 1542 3270 (ii)
1565 3216 1788 3266 Symbolum.»

358 3277 470 3311 Ducis
484 3276 746 3327 Aurelianensts
755 3276 903 3327 fratris
917 3275 1007 3315 Lud.
1020 3281 1109 3314 XIV:
