2190 3528
345 247 406 295 48
878 222 1161 269 SERMO
1229 221 1317 264 VJ.

347 322 436 370 Illis
460 336 558 383 ergo
580 316 728 382 duplex
751 313 921 360 debetur
948 325 1135 371 campus,
1161 308 1354 367 utrinque
1381 321 1423 354 at

348 395 502 454 Corpus
527 386 655 441 idem,
682 383 764 438 seu,
785 395 877 444 quae
899 376 1020 422 nobis
1046 375 1101 420 est
1123 373 1245 430 dieta,
1277 375 1432 437 Figura
1449 396 1464 419 .-

349 456 480 504 Mens
502 454 602 500 alia:
639 456 683 495 &
705 448 875 500 melior,
905 442 935 488 s1
956 441 1092 487 secum
1116 438 1340 486 Lemmata
1362 457 1566 505 pugnent,

350 523 462 569 Non
484 519 619 568 solum
641 513 812 567 diversa,
836 509 904 557 sed
927 513 972 552 &
993 510 1198 554 contraria
1227 506 1399 571 prorsus.

348 588 455 637 Hoc
477 586 636 647 Regno
660 579 740 628 sese
760 580 1020 642 AEquivoca,
1047 575 1374 638 Antithesc‘2sque
1394 574 1598 632 locarunt,

352 653 561 702 Invidiam
584 662 693 694 extra
717 661 895 692 omnem
922 642 1079 708 pofitae,
1106 642 1285 707 solaeque
1311 644 1585 708 triumphant.

349 721 485 775 Nam,
514 715 544 762 fi
565 715 640 762 alia
664 713 873 761 interdum
897 714 1074 758 veniunt
1098 709 1149 756 ad
1172 709 1396 776 Symbola,
1423 727 1572 756 eorum

349 785 554 851 Hospitio
582 795 759 828 utuntur
784 780 1006 826 duntaxat:
1043 775 1194 826 verum
1216 777 1405 823 habitant
1426 777 1518 833 hac,

348 856 450 916 Qa
471 868 547 900 nec
567 848 697 898 abesse
723 861 884 915 queunt
906 844 1189 909 Antistropha
1207 843 1438 911 Symbola,
1462 842 1567 892 sede.

446 1063 574 1112 Rdua
596 1080 673 1119 res,
702 1061 856 1126 inquis,
881 1057 950 1105 sed
982 1057 1034 1104 eo
1058 1053 1278 1104 laudatior.
1342 1055 1470 1103 Unus

377 1163 384 1166 -
447 1131 595 1179 Gallus
615 1129 796 1185 Homo,
816 1123 983 1174 effinxit
1008 1122 1294 1171 Montmorus
1317 1123 1433 1188 plura
1450 1119 1652 1180 ducentis,
1674 1130 1760 1179 (xx)

346 1198 515 1246 Prorsus
542 1198 594 1245 ad
616 1199 723 1244 hanc
745 1194 948 1250 formam,
974 1197 1018 1236 &
1038 1189 1313 1257 praescriptam
1335 1189 1543 1257 Symbola
1563 1186 1765 1256 Legem-2.

348 1265 492 1314 Solem
515 1269 638 1331 igitur
662 1263 792 1326 Regi,
812 1260 940 1308 solito
965 1259 1016 1306 de
1038 1276 1175 1315 more,
1197 1256 1394 1317 dicando,

343 1332 600 1380 Prudentem
625 1333 775 1396 pariter
798 1327 1037 1374 Lodoicum
1052 1360 1067 1383 ,
1097 1324 1432 1389 munificumque
1454 1321 1531 1368 hac

341 1398 604 1465 Expreffurus
626 1398 832 1461 Imagine,
859 1397 945 1441 ait:
979 1401 1141 1439 VIDET
1167 1401 1344 1439 OMNIA
1369 1398 1563 1439 PRIMUS.

341 1467 490 1514 Altera
518 1482 612 1514 tum
636 1467 755 1513 facies
777 1461 997 1525 inscripta:
1035 1467 1314 1524 VIDETQVE‚
1344 1466 1632 1525 FOVETQIE.

342 1532 462 1581 Idem
485 1548 533 1580 ut
560 1532 762 1580 terrestres
783 1528 910 1574 trahit
933 1529 978 1572 in
1003 1521 1179 1569 sublime
1204 1539 1396 1587 vapores,

341 1600 397 1648 Et
418 1602 563 1649 velum
585 1598 683 1646 inde
706 1595 803 1642 fibi:
840 1599 1121 1645 COLLECTIS
1148 1600 1365 1639 DEFICIT.
1432 1587 1551 1637 Idem
1573 1592 1620 1633 δε

339 1676 605 1719 SPLENDET
629 1676 695 1714 AB
722 1670 923 1713 Effusis,
993 1657 1055 1704 Ita
1073 1657 1290 1720 veetigalia
1314 1657 1431 1719 cogit

339 1732 482 1796 AEgro
502 1735 663 1789 animo,
682 1744 725 1777 at
745 1730 844 1776 laeto
865 1731 908 1773 in
928 1725 1118 1791 pluviam
1143 1727 1188 1767 &
1211 1722 1426 1770 benefacia
1448 1721 1632 1770 resolvit.

338 1799 458 1848 Huic
473 1802 710 1864 geminum,
730 1790 1133 1859 di&umquesupra:
1173 1800 1352 1840 PATET
1377 1801 1605 1840 OMNIBUS
1633 1798 1780 1842 UNUS.

339 1877 431 1915 UNI
451 1877 667 1915 CUNCTA
680 1873 907 1914 PATENT.
917 1859 1108 1908 Geminfi
1119 1858 1202 1905 hoc
1214 1872 1371 1922 quoq;:
1389 1867 1620 1926 QVANTA
1635 1864 1862 1910 PATENT!
1871 1871 1935 1914 sed

338 1943 507 1982 PLURA
532 1940 762 1981 LATENT.
827 1928 989 1995 Neque
1008 1942 1054 1974 tu
1077 1929 1163 1992 jam
1184 1925 1305 1991 plura
1325 1922 1530 1989 Exempla
1549 1922 1722 1989 require.

851 2050 1093 2118 XVII.

450 2151 542 2197 Uin
566 2149 698 2212 magis
720 2147 804 2194 hoc
827 2150 929 2211 agis,
946 2154 992 2193 δε
1011 2153 1102 2195 toti
1120 2144 1338 2195 contendis
1355 2162 1493 2211 opum
1525 2148 1587 2208 vi,

337 2156 517 2281 QUt
539 2231 609 2263 tua
631 2214 831 2279 praecipue
852 2215 1051 2261 Mirabile
1071 2214 1282 2278 Symbola
1304 2212 1495 2273 adornet,

336 2285 449 2345 Qo
471 2283 556 2330 fine
581 2300 655 2329 nec
674 2280 850 2346 perfe&a
871 2294 1015 2345 putes,
1034 2296 1110 2326 nec
1130 2279 1256 2344 digna
1274 2278 1485 2339 Theatro,

335 2352 405 2400 Ni
427 2351 640 2398 Novitate
662 2348 923 2413 supercilium
944 2346 1162 2412 speciantis
1183 2350 1227 2394 in
1249 2362 1393 2392 arcum

335 2421 548 2474 Curvent,
573 2418 887 2480 attonitumque
908 2414 999 2461 solo
1023 2413 1267 2462 Admiratio
1290 2411 1420 2476 figat,

333 2487 448 2535 Non
468 2481 797 2532 animadversam
824 2482 880 2529 ob
901 2480 1079 2529 Naturae
1101 2480 1448 2545 proprietatem,

335 2554 385 2602 In
415 2571 455 2600 re
480 2551 670 2599 Sensibus
694 2548 898 2614 expolita,
933 2554 978 2594 δέ
1000 2547 1225 2597 tristissima
1246 2547 1297 2594 ab
1327 2546 1415 2593 usu.

333 2620 473 2670 Dulce
494 2621 650 2668 etenim
670 2615 892 2674 Mirabile,
920 2616 1039 2664 dulce
1057 2618 1237 2663 Scientia
1260 2616 1423 2662 lucrum
1446 2612 1516 2663 est.
1533 2622 1614 2671 (yy)

839 2739 1114 2808 XVIII.

334 2841 596 2939 PLurima
615 2839 724 2898 sunt,
740 2856 922 2906 quorum
934 2836 1179 2885 Translatio
1197 2840 1241 2885 in
1263 2851 1428 2901 aequore
1440 2831 1611 2882 summo

426 2907 606 2963 Innatat,
623 2923 670 2954 ut
691 2908 797 2955 facili
818 2906 938 2953 detur
958 2903 1255 2968 comprendere
1279 2902 1429 2950 dextra.

333 2974 494 3021 Verum
519 2974 593 3020 alia
615 2976 658 3019 in
679 2973 812 3020 fundo
840 2972 1076 3019 subfidunt:
1111 2986 1158 3017 ut
1187 2969 1365 3037 preciosa

331 3041 531 3107 Qaeque
550 3040 707 3097 solent,
734 3040 993 3106 poscuntque
1015 3039 1191 3086 oculum
1211 3038 1410 3086 urinantis
1428 3048 1612 3083 acutum.

329 3172 411 3219 (x'x)
430 3171 474 3209 Id
489 3170 582 3225 quod
598 3170 643 3208 de
662 3176 707 3208 D.
727 3176 908 3211 Montmor
920 3171 1091 3225 predicat
1114 3179 1153 3211 P.
1164 3174 1198 3211 le
1207 3179 1330 3223 Moyne
1347 3170 1405 3210 lib.
1416 3186 1446 3208 2.
1466 3170 1610 3210 deArte
1622 3185 1648 3208 c.
1662 3101 1765 3210 151ss

326 3229 415 3279 (νγ)
425 3230 598 3279 Aristotfl.
613 3242 638 3266 1.
651 3227 782 3266 Rhetor
803 3243 829 3265 c.
842 3243 887 3267 11.
908 3231 1057 3269 Discere
1069 3244 1220 3281 quoque
1238 3235 1276 3270 δε
1295 3231 1474 3270 admirari
1490 3230 1696 3282 jucundum
1714 3241 1754 3269 ut

324 3285 529 3336 plurimum
547 3286 609 3322 est.
666 3287 708 3323 In
725 3287 949 3327 admirando
973 3289 1077 3326 enirn
1102 3289 1270 3328 discendi
1297 3289 1484 3339 cupiditas
1503 3287 1611 3326 inest:
1640 3299 1755 3337 quare

317 3343 548 3381 Admirabile
564 3341 802 3382 desiderabile
817 3341 877 3382 est.
