2190 3528
742 106 1637 189 EPISTOLA

295 210 556 297 Certe,
593 212 803 318 quod
841 213 1103 287 omnia
1128 212 1209 287 in
1233 206 1342 286 Te
1374 232 1527 287 tam
1558 204 1749 288 belle
1769 235 2080 314 compo-

292 326 420 407 fita
456 326 620 403 sunt
643 390 663 415 ,
709 349 791 402 ut
834 322 1022 403 nihil
1057 325 1136 400 in
1172 323 1549 413 sermone,
1599 326 1680 404 in
1717 324 1964 429 gestu³
2000 328 2080 400 in

293 439 511 520 Vultu
536 502 555 528 ,
593 444 674 518 in
710 439 851 521 risu
885 437 1082 541 ipso3
1117 434 1492 544 ludisque,
1554 441 1634 514 in
1678 441 1894 516 omni
1966 439 2084 516 de-

288 582 504 645 mum
540 556 835 632 afflone
872 556 938 631 Ie
989 552 1300 657 prodat,
1353 552 1563 658 quod
1615 581 1778 629 non
1826 552 1912 632 fit
1963 583 2085 660 ap-

290 671 533 772 prime
583 666 946 746 decorum
968 730 987 756 ,
1026 694 1111 742 ae
1145 665 1368 772 plane
1404 666 1497 745 ad
1533 695 1885 747 normam
1919 666 2081 746 Vir-

289 784 502 866 tuti53
549 780 702 859 hoe
738 810 836 860 ne
865 783 1014 888 ipsa
1052 781 1396 888 quidem,
1431 805 1514 861 ut
1551 785 1868 887 opinor,
1921 781 2085 863 Vir.

284 918 591 974 tustam
627 895 842 978 facile
861 922 1050 1009 ‚tam
1091 894 1551 986 constanter,
1589 895 1729 976 hac
1764 898 1889 974 tua
1926 920 2084 978 aeta-

284 1033 359 1090 te
394 1010 763 1115 praestaret
788 1077 808 1103 ,
867 1013 1000 1091 nisl
1041 1015 1287 1118 prior„
1340 1034 1511 1091 ante
1551 1010 1919 1092 Virtutem
1970 1012 2081 1092 In-

285 1124 494 1210 doles
535 1151 823 1207 certum
862 1127 1242 1236 quendam
1288 1129 1518 1206 animi
1551 1129 1658 1202 tui
1678 1124 2079 1208 affee‘honi-

289 1239 424 1319 bus
463 1241 780 1322 modum
824 1242 1186 1350 pofiiiffet.
1273 1244 1449 1321 ffiaec
1490 1245 1732 1347 prima
1769 1271 2079 1323 morum

286 1378 598 1434 tuorum
635 1360 1098 1436 moderatrix
1160 1356 1507 1437 vividam
1560 1354 1770 1436 istam
1810 1357 2081 1438 Adole-

283 1469 571 1549 scentiae
606 1495 749 1549 tuae
770 1473 1216 1552 hilaritatem
1256 1469 1888 1578 decentiquaidam
1924 1503 2083 1580 gra-

279 1587 544 1689 vitate,
567 1593 1015 1695 gravitatem
1054 1589 1258 1666 suavi
1305 1590 1658 1667 comitate
1692 1608 2079 1692 temperat,

282 1699 535 1807 Atque
564 1767 584 1793 ,
621 1729 702 1780 ut
737 1705 985 1782 verbo
1025 1733 1183 1782 rem
1240 1699 1665 1792 absolvam,
1720 1703 2080 1810 quiequid

283 1817 363 1893 in
410 1815 516 1894 Te
563 1818 1025 1924 ‘suspicimuffi
1066 1830 1135 1896 δε
1172 1846 1507 1895 amamus
1543 1882 1562 1908 ‚
1619 1815 1743 1898 illa
1778 1820 2082 1897 inchoa-

285 1934 401 2009 vit
427 1994 445 2020 ,
483 1960 569 2011 ac
608 1940 699 2012 eo
741 1935 964 2041 usque
1002 1933 1381 2041 perduxit³
1426 1956 1508 2011 ut
1545 1932 1873 2013 Virtutes
1918 1934 2080 2038 ipsae

285 2075 450 2124 non
505 2049 872 2154 acquisitae
905 2049 1079 2127 Tibi
1113 2112 1133 2138 ,
1189 2047 1307 2128 sed
1358 2049 1630 2127 innatae·
1675 2077 2077 2153 propemo-

284 2159 467 2237 dum
521 2164 763 2239 videri
844 2188 1139 2270 queant.
1261 2163 1456 2253 Quae
1509 2167 1683 2241 etim
1735 2167 1836 2239 ita
1887 2163 2080 2256 fint,

189 2330 192 2333 -
283 2305 398 2354 nae
433 2274 539 2352 illi
576 2281 725 2366 tui,
779 2308 969 2385 quos
1007 2276 1385 2364 dicebam,
1425 2271 1872 2382 SponsoreS,
1912 2281 2082 2361 SE-

283 2393 853 2475 RENJSSJME
908 2393 1462 2486 PRINCEPS,
1497 2391 1796 2471 abunde
1836 2399 1982 2498 jam
2004 2394 2078 2473 li-

286 2501 559 2586 beraffe
596 2504 822 2587 fidem
861 2506 1063 2586 suam
1118 2507 1387 2587 censeri
1439 2506 1758 2612 poffimt.
1865 2509 2078 2601 Quid

285 2624 486 2699 enim
529 2621 677 2712 est,
740 2623 949 2730 quod
1005 2619 1373 2701 clarissimi
1425 2626 1704 2728 quique
1757 2621 1945 2714 Avi,
2007 2637 2077 2705 &

287 2733 565 2813 Proavi
602 2738 693 2816 de
714 2738 1138 2845 Nepotibus
1173 2736 1306 2817 suis
1342 2740 1782 2841 promittere
1817 2763 2078 2842 putan-
2188 2820 2190 2848 ἐ

290 2848 365 2924 di
400 2849 604 2928 sunt?
661 2854 834 2931 Hoc
871 2883 1111 2931 unum
1165 2850 1550 2941 videlicet,
1598 2851 1651 2929 fi
1689 2852 1880 2932 bene
1917 2884 2077 2932 rem
2188 2890 2190 2892 ·

288 2966 820 3067 perpendimus
863 2999 884 3053 ·,
966 2965 1348 3074 praeclara,
1404 2975 1475 3043 &
1521 2971 1814 3075 egregia
1868 2970 2082 3046 Indo-

287 3075 424 3164 les:
462 3078 619 3157 haee
666 3086 867 3158 enim
898 3081 1182 3163 abillis
1221 3079 1581 3190 proficisci
1617 3082 1862 3187 potest
1891 3148 1911 3172 ,
1950 3113 2073 3161 cae-

289 3215 442 3267 tera
490 3193 758 3276 deinde
817 3196 910 3275 ab
967 3194 1230 3279 Indole
1291 3194 1437 3303 ipsa
1489 3195 2075 3302 proficiscuntur.

1808 3312 2078 3421 Neque
