2190 3528
60 264 391 347 efferenti
426 265 591 343 sein
621 263 856 342 altum
892 261 1182 369 Aquilae
1215 261 1330 339 isti
1365 261 1563 338 hanc
1602 265 1858 365 potitis

58 383 545 487 Epigraphen
581 379 930 457 adderem
967 407 991 456 :—
1057 374 1583 463 PATRUM
1617 376 1854 468 VIR-

59 493 376 577 TUTE
416 490 918 599 SUAQUE.
1043 491 1189 577 Sed
1236 495 1437 569 enim
1473 487 1855 594 piaculum

60 606 256 684 foret
281 667 301 697 ,
336 611 417 685 in
436 608 562 685 tuaA
598 607 1011 715 quidquam
1033 605 1515 713 Inscriptione
1547 625 1856 682 mutare.

63 720 601 829 Relinquamus
633 720 1178 828 proindeillam
1213 779 1234 811 2
1268 718 1506 798 veluti
1543 747 1704 796 rem
1732 721 1854 803 Sa-

62 859 266 913 cram
286 897 306 926 ,
326 836 619 942 prorsus
654 839 1030 924 intactam,
1052 859 1134 914 ut
1156 846 1226 915 ὃ(
1245 859 1388 914 tuae
1405 832 1576 912 Tibi
1600 832 1856 912 mode-

62 950 209 1027 stiae
230 946 381 1029 laus
400 1006 421 1035 ,
458 962 527 1029 &
549 949 766 1029 nobis
787 954 1257 1041 reverentiae,
1295 974 1525 1057 quam
1545 945 1719 1026 Tibi
1739 947 1857 1025 de·-

63 1064 344 1155 bemUS,
365 1070 557 1144 ratio
579 1062 882 1150 constet.
959 1065 1188 1151 Nihil
1211 1089 1461 1144 autem
1481 1086 1860 1151 vetat‚nos

61 1183 163 1256 ita
199 1210 356 1257 rem
401 1183 873 1288 interpretari
908 1243 929 1274 ,
981 1203 1065 1260 ut
1099 1204 1227 1259 tua
1263 1180 1569 1288 quidem
1607 1177 1861 1257 Virtus

66 1299 392 1374 omnino
410 1296 494 1373 fit
517 1356 535 1386 ,
559 1322 723 1403 quae
757 1293 866 1373 Te
900 1298 992 1375 ad
1028 1299 1315 1374 summa
1351 1292 1603 1373 evehit
1651 1318 1669 1379 3
1737 1291 1864 1377 Pa-

65 1432 266 1487 trum
304 1435 551 1489 autem
595 1437 678 1487 ea
714 1408 851 1486 esse
894 1410 1145 1490 Virtus
1183 1412 1506 1498 dicatur,
1545 1413 1720 1515 quia
1740 1404 1858 1486 Tu

65 1523 158 1601 ab
179 1524 315 1601 illis
350 1554 513 1604 eam
535 1520 844 1603 hausisti.
906 1522 1109 1603 Facit
1127 1522 1280 1601 hoc
1312 1547 1587 1628 nempe
1610 1524 1863 1606 Gene-

64 1641 158 1715 ris
180 1642 283 1716 tui
307 1640 759 1747 praestantia,
796 1663 878 1717 ut
902 1642 1250 1747 quamvis
1289 1639 1434 1745 ipse
1469 1636 1674 1715 nulla
1697 1666 1860 1715 non

64 1756 345 1832 virtute
370 1753 454 1833 fis
474 1753 1130 1863 praeditusmullam
1152 1751 1512 1861 possimus
1535 1755 1635 1831 ita
1653 1774 1865 1832 tuam

67 1866 343 1960 dicere,
363 1894 446 1949 ut
466 1900 548 1949 ea
567 1867 736 1949 Tibi
758 1898 921 1948 non
943 1869 1026 1947 fit
1046 1899 1220 1948 cum
1245 1866 1864 1976 Progenitoribus

63 1988 204 2058 tuis
226 1988 668 2065 communis.
689 1985 853 2062 Nec
873 1984 1043 2061 ideo
1063 2006 1206 2061 tuae·
1227 1984 1638 2090 quidquam
1662 1981 1864 2059 dece-

72 2095 178 2172 dit
196 2097 494 2204 gloriae:
532 2102 717 2206 quin
748 2101 990 2201 major
1023 2097 1180 2174 haee
1207 2097 1449 2203 gloria
1471 2095 1610 2185 est,
1630 2096 1862 2203 quod,

70 2238 296 2316 quam
307 2241 611 2318 cunque
628 2218 708 2290 in
729 2209 836 2288 Te
857 2210 1231 2289 Virtutem
1254 2207 1865 2316 suspicimu5,n0n

69 2353 151 2401 ea
171 2323 340 2404 Tibi
358 2326 1109 2433 peculiaris,adeoque
1129 2353 1338 2405 nova
1355 2388 1375 2416 ,
1394 2336 1464 2403 ὃς
1484 2354 1736 2404 recens
1758 2325 1864 2417 fit,

71 2439 186 2516 sed
223 2445 723 2520 inveteratum
747 2504 768 2532 ,
804 2469 889 2519 ae
920 2467 1251 2547 perenne
1288 2508 1304 2530 ,
1343 2441 1868 2521 contestatum-

77 2582 223 2660 que
258 2555 472 2662 ipsius
510 2562 618 2635 tui
664 2554 978 2634 Generis
1000 2554 1315 2635 bonum.

180 2671 439 2768 Quam
477 2677 666 2752 vero
703 2670 1085 2777 copiosam
1119 2669 1238 2750 Tu
1293 2671 1509 2751 brevi
1543 2733 1563 2762 ,
1615 2674 1868 2776 quam-

73 2814 218 2893 que
255 2786 751 2878 luculentam,
780 2786 907 2866 ubi
929 2790 1068 2865 tuis
1104 2788 1251 2892 ipse
1291 2786 1615 2891 auspicijs
1651 2847 1670 2874 ,
1707 2792 1866 2864 tuo‘-

74 2930 220 3007 que
256 2902 497 2980 Marte
520 2906 834 3010 coeperis
855 2930 1106 3009 agere,
1136 2901 1442 2981 laudum
1477 2905 1867 2981 materiem

76 3016 433 3120 praebebis
452 3081 471 3108 ,
491 3023 569 3097 in
591 3019 736 3126 quaA
758 3015 1189 3097 exornanda
1209 3046 1371 3096 non
1392 3016 1631 3094 modo
1655 3018 1868 3120 Sym·

78 3129 579 3239 holographi,
626 3133 742 3212 sed
762 3132 1180 3223 Poe'tae,sed
1211 3134 1584 3218 Oratores
1622 3129 1867 3208 elabo-

76 3269 256 3323 rent.
366 3250 479 3326 Ac
515 3277 660 3356 ego
698 3249 1007 3358 quidem
1043 3248 1216 3327 istos
1253 3244 1445 3328 bene
1480 3244 1867 3327 fune'turos

920 3391 961 3440 c
1007 3389 1039 3447 3
1707 3387 1868 3465 par-
