2190 3528
258 181 334 212 010
589 167 831 212 SERMO
862 166 931 210 II.
997 165 1234 210 ORTLZS

265 251 376 299 Haec
401 270 523 313 aetas,
554 256 640 302 haec
661 258 793 320 prima
812 253 890 300 fuit
907 287 921 309 a
952 270 1080 316 quarn
1101 252 1303 299 tradimus
1321 287 1336 312 ‚
1371 253 1490 302 Artis

264 320 500 377 Conditio3
537 341 638 369 nam
655 322 870 368 Nobilitas
895 321 1107 383 antiquior
1129 320 1229 366 Arti

266 384 468 453 Contigit
492 388 602 435 haud
626 390 727 446 ulli,
762 387 897 433 Stellis
917 384 1177 449 Mundoque
1203 387 1342 450 priori.

263 452 385 500 Nam
408 455 493 502 duo
513 455 692 502 divisum
718 455 926 501 traherent
952 451 1048 497 cum
1070 453 1114 497 in
1140 453 1275 516 praelia
1298 451 1484 513 Caelum,

262 520 485 585 Aligerfim
503 556 515 579 ‚
551 521 739 585 Bellique
762 518 931 565 Duces:
961 518 1057 565 hinc
1078 516 1270 575 Lucifer,
1304 521 1400 568 inde

261 587 497 652 Oppolitus
511 587 722 636 Michael:
753 586 822 632 sua
842 587 978 650 quivis
1000 585 1206 653 Symbola
1226 586 1341 633 scuto

259 653 434 701 Extulit.
487 662 798 718 ASCENDAM,
812 652 1082 701 ambitiosum
1100 651 1268 700 Teffera
1288 653 1420 719 {ignat

258 720 524 774 Luciferum3
559 733 602 765 at
616 717 874 766 Michaelem
892 732 1023 788 QUIS,
1042 730 1190 769 SICUT
1209 732 1361 771 DEUS?
1396 739 1543 774 armat.

262 787 516 851 Symbolicae
534 786 620 832 haec
641 785 756 832 Artis
778 787 981 833 cunabula
1008 789 1142 851 prima
1169 786 1295 833 fuere.

255 853 306 900 N
311 871 388 899 unc
413 870 583 918 quoque
606 853 834 911 bellantes,
873 852 1223 919 Regnatoresque
1240 854 1433 921 superbos

252 919 465 976 Affe6²uat3
504 920 620 966 scires
638 935 684 966 ut
697 955 710 977 ‚
739 930 818 985 qua
841 919 889 968 fit
910 924 1069 985 origine
1085 936 1209 968 creta.

251 987 421 1053 Corpus
447 987 581 1034 adhuc
600 986 762 1034 deerat:
802 987 871 1035 sed
891 1002 976 1034 erat
998 989 1220 1036 caelestibus
1240 989 1318 1035 illis

250 1053 476 1102 Mentibus
495 1058 777 1120 opportunior
792 1089 805 1112 ,
844 1061 888 1100 ὃς
911 1055 1052 1102 similis
1077 1059 1234 1120 magis,
1269 1071 1315 1103 ut
1333 1074 1424 1124 quae

249 1121 445 1170 Materiae
467 1124 601 1180 nihil,
638 1138 709 1170 aut
735 1137 905 1170 terrenae
923 1123 1031 1170 faecis
1048 1123 1232 1170 haberet.

243 1347 426 1451 Hinc
445 1349 618 1397 Pharios
640 1349 776 1396 delata
797 1347 921 1396 Lares
937 1384 950 1406 ,
986 1347 1273 1414 Memphitica
1290 1349 1459 1414 Regna,

353 1417 593 1482 Pyramidas
614 1421 807 1482 quamvis
827 1418 1057 1472 habitaret,
1095 1415 1140 1460 Sc
1159 1414 1281 1464 Atria
1296 1418 1517 1482 Regurm,

244 1480 325 1529 Nil
345 1486 451 1530 ultra
467 1484 636 1548 Corpus
657 1485 792 1531 secum
816 1486 957 1531 attulit
979 1484 1044 1530 illa
1063 1500 1073 1527 :
1108 1484 1244 1531 relicta

244 1550 363 1597 Parte
384 1551 440 1597 sui
464 1552 662 1609 meliore,
702 1553 824 1598 Polo.
893 1550 1077 1598 Morum
1095 1565 1240 1598 tamen
1250 1583 1280 1608 ,.
1296 1555 1341 1594 S<
1363 1567 1456 1616 quae

245 1616 361 1664 Illius
378 1621 507 1664 aetatis
525 1620 731 1682 Sapientia
754 1618 902 1665 discere
924 1621 1075 1683 quivit,

244 1683 297 1729 N
300 1700 422 1731 aturae
442 1700 640 1751 praecepta
660 1686 808 1733 dabat:
845 1685 914 1733 sed
936 1688 1103 1749 cognita
1126 1682 1237 1742 solis,

242 1750 339 1808 Qui
359 1752 591 1810 instituere,
620 1753 989 1820 Hieroglyphicis;
1026 1750 1158 1799 Genti
1187 1749 1527 1817 Oedipodarum.

239 1818 369 1865 Anne
390 1821 521 1866 bonas
540 1823 665 1867 etiam
689 1819 821 1869 Livor
840 1824 994 1886 premit
1015 1819 1232 1884 improbus
1247 1819 1389 1875 Artes,

241 1885 489 1933 Doctorum
511 1890 616 1934 vitio
630 1897 648 1934 ἓ
698 1888 820 1935 Nam
836 1889 965 1935 Simia
978 1922 991 1944 ,
1030 1887 1231 1943 Noetua,
1266 1886 1459 1951 Serpens,

242 1952 334 2011 Sol,
351 1954 516 2002 Oculus
529 1988 543 2009 ,
564 1953 762 2021 Coccyx,
790 1961 835 2000 δε
852 1957 977 2021 Oryx
989 1990 1002 2012 ,
1024 1955 1306 2019 Phoenixque,
1324 1952 1527 2019 Pilixque‚

239 2020 443 2085 Pluraque
465 2020 657 2068 sexcentis
678 2022 921 2069 monstrosae
936 2021 1190 2086 AEnigmata
1209 2021 1421 2086 Sphingis,

239 2088 363 2147 Qid
384 2087 454 2134 fibi
474 2105 646 2154 quaeque
672 2090 808 2137 velint
823 2124 836 2146 ,
861 2088 963 2153 quid
986 2087 1166 2153 denique
1187 2088 1318 2134 dicere
1337 2086 1533 2144 mussent,

239 2155 481 2213 Qiondam
500 2156 678 2212 Pierius,
704 2156 923 2204 Kircherus
937 2190 950 2212 ,
978 2162 1022 2199 δε
1044 2155 1194 2202 Horus
1214 2154 1378 2220 Apollo
1404 2165 1455 2210 (c)

239 2222 466 2287 Exponent
489 2222 580 2269 seris
603 2223 816 2269 aetatibus:
854 2237 977 2287 atque
1001 2222 1206 2285 jubebunt

237 2289 420 2337 Credere
442 2306 545 2346 nos,
576 2289 692 2354 quod
717 2289 967 2338 divinaverit
987 2292 1083 2347 iste,
1121 2289 1191 2337 vel
1214 2288 1296 2334 illc.

236 2514 473 2617 AEssopus
491 2516 652 2580 quanto
672 2518 931 2581 popularior!
970 2516 1107 2583 AEger
1128 2513 1239 2583 apud
1261 2532 1389 2580 quem

339 2582 676 2648 Qiadrupedum
702 2585 893 2650 Princeps
917 2604 962 2631 ex
984 2601 1106 2633 antro
1133 2590 1188 2633 ita
1211 2584 1328 2630 farier
1349 2579 1458 2636 infit,

237 2648 390 2713 Vulpis
414 2668 539 2713 opem
563 2655 772 2715 rogitans:
808 2653 974 2699 succede
998 2654 1238 2718 penatibus,
1258 2648 1446 2714 Hospe8‚

234 2715 291 2762 Et
315 2717 490 2774 medicas
516 2718 716 2765 adhibeto
742 2738 914 2767 manus:
946 2720 1107 2767 Arteria
1134 2721 1325 2786 pulsum

231 2781 394 2830 Reddit
420 2788 691 2847 inaequalcm,
723 2787 927 2852 febrisque
955 2789 1144 2835 exaestuat
1166 2787 1300 2834 ardor.

232 2848 351 2896 Huic
375 2851 518 2896 contra
545 2853 640 2899 tales
663 2854 795 2901 reddit
818 2856 1047 2920 Vulpecula
1073 2873 1214 2912 Voces,

230 2915 287 2963 Et
307 2919 447 2982 pmcul
471 2918 683 2966 absistens:
723 2921 928 2986 Equidem
943 2957 956 2979 ‚
976 2921 1073 2970 Rex
1087 2940 1237 2987 magne
1254 2921 1488 2982 Ferarum„

229 2984 273 3029 Si
295 3003 374 3047 qua
396 2983 495 3031 fides
514 2985 640 3050 Vulpi
658 3020 669 3042 ,
700 2989 811 3035 subit·
828 2990 935 3036 hanc
957 2990 1164 3037 miseratio
1188 3005 1429 3045 mentem-23

225 3049 283 3097 Et
301 3067 472 3116 precor,
507 3068 553 3100 ut
576 3057 704 3101 vivas.
774 3055 940 3103 Verum
968 3057 1125 3104 donare
1148 3056 1365 3115 salumin,

541 3180 546 3184 ἱ
1533 3118 1667 3167 Haud

225 3211 285 3263 (c)
300 3210 383 3261 Qi
400 3208 443 3247 dc
453 3211 978 3265 HieroglyphictkAEgyptiorum
992 3213 1036 3255 Εἴ
1043 3214 1209 3267 obeliscis
1219 3213 1453 3267 firlpsfrttnti
