2190 3528
344 245 412 290 44
835 229 982 274 SER
1012 225 1130 272 Mo
1205 227 1285 273 VJ.

345 315 539 362 Luminis
561 318 866 362 incrementum
889 330 1025 368 orans,
1051 314 1134 357 ait:
1166 320 1350 363 ASPICE,
1387 321 1630 363 CRESCAM.

338 383 474 445 Junge
499 381 799 429 Columnenfis
824 392 876 436 (z)
909 377 1199 425 Columellam
1214 409 1227 432 ,
1251 379 1293 417 &
1316 378 1508 439 Purpura
1521 386 1663 438 juxta

346 453 582 512 purpuram
604 455 709 495 erit:
735 459 806 504 (aa)
839 445 960 491 fimili
983 444 1179 506 fulgentis
1200 443 1362 488 honore
1386 442 1574 491 Senatus.

344 511 455 561 Haec
469 519 704 579 Corpusque
715 517 998 574 Animamque
1018 509 1131 557 dabit
1153 509 1248 556 tibi:
1262 521 1461 562 fULCIT,
1471 523 1541 561 ET
1558 522 1759 564 ORNAT.

340 737 547 845 AETna
569 752 739 802 quoque
762 735 950 786 Ausonia
972 736 1118 786 referet
1141 737 1192 785 de
1215 737 1358 786 Gente
1379 736 1651 797 Gelardam,

441 806 631 851 flamma
652 806 722 851 ubi
741 822 838 851 cum
860 805 1024 853 nivibus
1047 806 1278 871 conspirat3
1314 807 1537 871 Amorque
1561 807 1716 857 Pudori

337 873 422 919 Scit
444 872 600 920 servare
622 870 764 918 fidem.
832 870 991 919 Dicas:
1020 884 1210 928 GELAT‚
1236 882 1306 920 ET
1337 871 1458 920 fimul
1484 887 1678 926 ARDET,

336 940 501 987 Gallica
522 957 611 986 non
635 939 712 986 alia
732 938 772 985 se
789 941 921 1004 pinxit
945 938 1133 1003 Imagine
1154 938 1337 1004 Sappho,
1363 950 1441 995 (bb)

337 1007 596 1073 Symbolum
619 1011 664 1050 &
687 1006 768 1071 ipsa
789 1006 861 1054 fibi
884 1020 1130 1054 commenta
1154 1006 1223 1053 est.
1275 1004 1397 1054 Nam
1418 1006 1519 1073 quid
1538 1006 1730 1057 inausum

335 1071 633 1137 Eximiumque
655 1072 769 1122 Viris
790 1073 927 1138 Virgo
947 1073 1158 1138 ingeniosa
1184 1074 1416 1139 relinquet?

333 1140 432 1188 Sola
454 1141 540 1188 haec
563 1139 720 1188 Mente
740 1142 898 1198 valens,
926 1142 1219 1207 languentibus
1244 1139 1422 1189 Ηεθῐίεει
1445 1142 1657 1190 membris.

333 1204 533 1274 [Clarius
555 1225 603 1255 ex
625 1205 713 1273 Ipsa
738 1211 823 1270 jam
847 1214 980 1256 Vinea
1003 1227 1163 1255 nomen
1185 1207 1378 1274 habebit]

330 1274 462 1322 Hanc
484 1292 583 1322 cerae
606 1272 839 1387 inipreffam
870 1276 996 1343 [sunt
1015 1275 1221 1341 Symbola
1242 1281 1286 1319 ὅ(
1313 1291 1407 1340 apta
1424 1273 1604 1340 sigillis]

666 1357 697 1388 1t

330 1341 475 1388 Italico
501 1341 646 1406 inscrip
717 1341 869 1399 Versu,
905 1353 973 1396 (cc)
1001 1360 1127 1406 quern
1153 1341 1279 1388 reddo
1301 1341 1553 1390 Latinuim:

329 1412 505 1450 FRIGUS
535 1412 605 1449 ET
621 1412 805 1450 ARDOR
831 1412 1002 1450 OBEST.
1033 1412 1121 1450 Vel:
1142 1412 1302 1449 OBEST
1330 1411 1625 1468 ARDORQVE
1655 1408 1905 1468 GELUQVE„

332 1463 415 1513 Nil
431 1465 578 1514 melius
603 1466 723 1523 Viti,
756 1467 904 1513 melius
932 1468 992 1513 nil
1018 1469 1220 1513 convenit
1247 1470 1376 1530 aegris.

1003 1598 1134 1668 IX.

328 1703 528 1808 PLura
546 1704 658 1769 cupis
681 1719 810 1768 genus
832 1703 913 1751 hoc
933 1710 950 1750 ἓ
982 1702 1094 1752 Non
1119 1704 1238 1752 sunt:
1271 1718 1404 1767 neque
1427 1700 1610 1753 Camine
1626 1704 1757 1768 reddi,

418 1771 513 1818 Aut
533 1768 658 1817 Latio
678 1769 868 1818 sermone
887 1786 1063 1838 queunt.
1128 1769 1251 1818 Nam
1272 1771 1417 1819 Gratia
1434 1787 1589 1837 quanta
1613 1773 1671 1823 est

327 1837 556 1904 Hispanis,
593 1836 734 1896 Italis,
770 1836 903 1886 Gallis
932 1841 977 1885 in
1007 1838 1205 1896 vocibus,
1241 1838 1349 1885 ultra

328 1903 599 1970 Congenitos
623 1905 725 1953 fines
748 1923 836 1952 non
858 1905 1008 1971 perfert
1032 1906 1100 1952 illa
1127 1907 1356 1954 valorem„

327 1972 439 2021 Illita
465 1986 511 2018 ut
537 1987 713 2038 argento
737 1975 910 2030 minor,
942 1978 988 2017 δε
1011 1973 1180 2037 vulgata
1209 1972 1397 2020 Moneta

326 2038 514 2087 Nullum
541 2053 651 2086 extra
679 2040 814 2086 natale
840 2040 977 2087 solum
1000 2046 1180 2105 pretium
1208 2041 1397 2087 obtinet:
1427 2052 1498 2085 aut
1519 2037 1570 2086 fi·-

323 2106 522 2164 Qando
541 2105 824 2171 Receptorem
851 2121 994 2154 tamen
1016 2107 1175 2164 ambit,
1200 2125 1290 2153 non
1312 2108 1468 2163 alium,
1488 2104 1619 2173 quam

325 2172 413 2222 Illis
437 2192 535 2221 cum
560 2172 748 2237 RegniS,
782 2177 848 2221 cui
871 2173 951 2222 fint
974 2177 1253 2233 commercia,
1290 2186 1462 2240 quaerat.

1020 2294 1106 2364 X.

324 2401 578 2506 UNgues
599 2395 835 2458 mordebis,
857 2394 1004 2464 scalpes
1029 2414 1175 2464 caput,
1197 2405 1242 2446 δε
1264 2396 1368 2466 pede
1387 2414 1539 2448 terram

425 2468 625 2525 Tundes3
650 2486 740 2516 non
755 2467 868 2515 dabit
885 2466 953 2513 illa
974 2466 1184 2524 homines,
1202 2476 1259 2520 (dd
1267 2483 1278 2519 )
1293 2471 1336 2515 in
1356 2485 1463 2532 quos
1476 2464 1592 2514 cadat
1605 2483 1739 2515 unum

322 2538 485 2583 Nomen
508 2542 552 2580 δι’
573 2537 738 2603 Itssgne
753 2556 767 2582 :
800 2531 888 2582 Etsi
911 2533 1042 2580 multa
1067 2538 1281 2598 Loquacia
1299 2545 1370 2590 (ee)
1393 2549 1530 2581 cernas

319 2603 443 2650 Scuta
465 2602 672 2662 fabrum,
707 2601 944 2660 Pistorum,
982 2600 1246 2660 Textorum,
1281 2600 1562 2658 Molitorum,
1608 2666 1657 2714 T

1658 2686 1739 2717 on-

319 2757 382 2809 (z)
397 2761 538 2797 Hieron.
550 2754 656 2796 Card.
669 2756 842 2796 Columna
854 2780 867 2799 >
885 2756 984 2808 cujus·
995 2754 1158 2797 columna
1176 2757 1319 2812 infigne.
1377 2754 1401 2806 ζ
1403 2756 1461 2804 aa)
1481 2754 1568 2794 Vide
1577 2755 1737 2798 chiliad-

319 2816 487 2869 ErasmJ.
499 2821 603 2853 Prov.
607 2831 671 2863 74.
728 2816 815 2866 (bb)
832 2819 926 2854 Huic
938 2817 1031 2853 enim
1041 2819 1185 2853 Pok‘triae
1201 2817 1300 2853 illam
1316 2817 1511 2868 equiparat
1526 2818 1566 2851 Ρ.
1579 2815 1736 2864 leMwne

319 2872 391 2911 Lib.
394 2889 426 2920 5.
437 2872 481 2910 de
490 2872 555 2910 hac
564 2879 651 2910 Arte
662 2885 733 2926 cap.
749 2886 778 2912 1.
838 2871 919 2926 (cc)
932 2871 1054 2925 Vir-fia
1064 2875 1214 2911 Italicus
1231 2873 1290 2911 hic
1298 2882 1398 2911 erat:
1425 2873 1555 2910 Ardor
1573 2884 1698 2917 tem0,
1715 2888 1736 2912 e

320 2932 419 2981 gielo
436 2929 653 2968 m'offende.
678 2932 785 2981 Cujus
802 2932 993 2983 explicatio
1007 2928 1098 2968 data
1107 2933 1188 2982 jam
1205 2931 1262 2982 est.
1321 2928 1415 2982 (dd)
1424 2929 1571 2966 Dic‘lum
1581 2933 1736 2982 Pompeii

316 2990 452 3041 Magni.
511 2984 592 3038 (ee)
622 2989 710 3024 Itali
728 3000 862 3026 vocant
891 2991 1011 3026 Arme
1031 2989 1190 3039 parlanti
1204 3005 1213 3029 ε
1246 2988 1353 3029 Galli,
1371 2989 1508 3025 Armes
1525 2988 1732 3036 parlantes:

318 3042 395 3082 com
413 3043 588 3081 videlicet
601 3042 695 3081 idem
712 3049 765 3082 rei
785 3045 958 3099 &figura
978 3048 1017 3082 in
1036 3046 1147 3098 clypeo
1168 3044 1323 3099 exprejffle
1340 3057 1467 3082 nomen
1489 3043 1543 3094 est
1602 3050 1735 3082 Exem-

309 3102 413 3154 plum
428 3103 588 3154 affirmat
603 3101 791 3139 clathrum
810 3103 1057 3147 reticulatnM,
1078 3103 1217 3157 Inffgne
1225 3106 1335 3157 Regni
1343 3107 1525 3139 Navarra:
1543 3113 1628 3138 nam
1637 3100 1735 3139 idem

316 3159 363 3202 est
381 3159 569 3196 Clotho-um
581 3187 589 3203 ‚
609 3157 653 3198 ὅ
671 3160 732 3198 Na
747 3159 874 3199 Varra.
929 3166 1020 3198 Item
1038 3152 1308 3214 eima-Persona,
1331 3162 1435 3198 Artis
1449 3157 1634 3209 cujusdam
1647 3172 1733 3212 pro-

301 3215 487 3267 feffionem
502 3216 705 3261 indicanti,
721 3215 842 3256 eadem
862 3213 967 3256 arma
985 3217 1053 3270 βαι
1069 3219 1304 3271 instrumenta
1324 3215 1545 3262 tribuuntur,
1564 3227 1605 3256 ut
1622 3216 1733 3259 Fabr·

312 3273 489 3314 malleus:
520 3271 584 3313 &a
