2190 3528
300 125 529 177 Figuratum
553 119 678 161 Index
693 148 702 164 ,
717 120 784 171 qui
800 118 1002 156 Lemmata
1014 115 1153 167 pariter
1174 114 1308 150 omnia
1317 109 1428 151 rebus
1442 112 1679 163 ejtiscemodi
1694 143 1703 160 ,
1716 127 1759 152 ac
1772 113 1921 167 Figuris
1934 128 2092 155 accom-

303 180 461 220 modata
474 186 512 219 in
527 178 778 230 conspectum
794 175 902 213 daret
913 198 922 216 ,
935 169 1052 224 teque
1066 170 1115 210 ad
1131 170 1411 221 inspiciendam
1426 171 1667 223 singulorum
1687 185 1865 211 mentem
1887 199 1897 216 ,
1914 172 1962 211 ad
1978 182 2097 221 majo·

304 253 387 278 rem
404 236 719 291 praecipuumque
733 231 922 271 Claffium
933 227 1112 268 Iudicem
1124 225 1336 266 deduceret
1351 258 1359 272 ,
1375 230 1650 282 plurainsuper
1663 258 1670 271 ,
1681 228 1809 268 eidem
1823 230 1971 284 Figurae
1985 261 1993 277 ,
2011 247 2099 285 pro-

305 294 509 349 positoque
525 294 666 332 tributa
682 293 883 330 Lemmata
897 285 1044 325 ibidem
1067 297 1328 336 reperturum.
1388 286 1475 323 Nec
1488 291 1594 326 enim
1613 286 1699 332 ,ubi
1711 300 1792 326 erat
1805 286 1912 328 idem
1926 289 2103 345 unusque

310 353 487 405 Symboli
507 352 632 390 sensus
646 380 655 396 ‚
679 355 719 388 &
734 361 846 386 mens
861 378 871 393 ‚
887 345 941 383 bis
958 341 1061 382 istud
1078 370 1087 383 ,
1106 340 1317 380 verborum
1336 341 1490 381 tantum
1511 358 1557 382 ac
1580 347 1831 384 Lemmaturn
1858 344 2104 390 diversorum

313 416 354 449 in
368 415 529 465 gratiam
543 413 753 460 expingere
770 417 895 456 operae
917 403 1087 453 pretium
1104 398 1212 438 duxi.
1275 401 1329 438 At
1351 413 1482 453 neque
1507 403 1657 453 prorsus
1679 407 1929 456 expinximus
1950 413 2104 454 omnia,

312 479 667 521 quantumcunque
692 463 826 502 selesta
842 467 882 500 &
896 456 1124 497 emendata:
1143 456 1285 509 spiffius
1305 462 1412 497 enim
1429 459 1618 498 volumen
1631 486 1642 501 ‚
1667 475 1712 499 ac
1736 461 1995 514 sumptuosius
2025 480 2107 505 erat

312 527 489 566 futurum
507 522 696 574 5ideoque
711 533 790 557 non
807 515 933 556 multo
947 518 1128 569 pauciora
1146 515 1250 570 leges
1262 542 1272 559 ,
1286 514 1405 568 quam
1420 519 1461 554 in
1472 517 1536 555 AEs
1557 516 1736 569 spe&abis
1750 519 1882 558 incisa.
1942 522 2046 563 Scire
2071 539 2109 564 te

316 596 496 637 practerea
521 582 639 618 velim
656 608 665 624 ‚
687 578 855 616 relatain
877 578 1034 628 proprio
1058 574 1276 612 Auuorum
1292 573 1397 612 sensu
1415 603 1425 620 ‚
1453 571 1668 627 ijsdemque
1691 589 1783 615 cum
1808 579 2074 621 Lemmatibus
2088 581 2109 622 a

314 656 377 681 me
393 638 573 692 Symbola
590 633 712 680 fuisse,
723 648 795 673 nec
811 632 859 671 ad
872 634 993 672 alium
1009 630 1212 677 finem,aut
1225 645 1503 684 argumentum
1519 635 1581 671 vel
1600 631 1823 679 inflexa‚vel
1837 633 2011 677 detorta:
2036 643 2112 678 uti-

316 713 394 750 que
409 697 498 736 curn
513 723 522 738 ,
539 693 564 732 si
579 693 800 733 collibitum
816 690 907 730 esset
922 720 932 736 ‚
953 704 1021 728 tuo
1034 690 1163 728 Marte
1180 720 1189 736 ‚
1213 688 1463 742 minimoque
1485 695 1646 744 negotio
1669 689 1710 729 id
1735 691 1860 731 facere
1885 695 1962 745 ipse
1978 698 2109 748 postes.

316 758 410 796 Haec
419 766 579 806 quoque
595 752 706 791 causa
720 751 794 790 fuit
810 747 988 788 servandi
1002 746 1138 786 eadem
1152 747 1417 800 plane,qt1ibus
1429 749 1542 788 illiufi
1556 749 1952 796 fuereLemmataJeu
1964 755 2111 800 Italic&

319 813 596 864 seul-Iispanica
614 807 914 860 Gallicave:quae
928 804 1299 844 tamenldiornatum
1315 805 1476 845 istorum
1492 810 1634 860 ignaris
1649 821 1819 858 exponet
1835 810 2115 852 latinoSermo-

321 885 370 909 ne
384 869 491 909 idem
503 869 568 907 ille
583 867 770 906 Claffium
783 868 907 904 Index
921 893 930 909 ,
946 878 1114 902 numero
1131 864 1282 915 prorsus
1295 862 1434 902 eodem
1464 895 1474 910 ,
1509 869 1578 917 qui
1594 865 1781 917 Symbolo
1795 871 1938 919 cuique
1961 873 2115 923 expisto

319 928 493 978 subijcitu
502 942 530 965 r.
593 928 855 981 Qaecunque
870 921 965 961 vero
980 921 1162 973 Symbola
1178 922 1239 960 vel
1253 921 1451 973 spectabis,
1467 924 1528 961 vel
1542 922 1728 976 leges‚ets1
1742 938 1785 962 ea
1797 924 1961 964 &multis
1976 954 1986 971 ‚
2000 932 2119 968 etiam

319 986 479 1026 ineditis
496 983 733 1024 Aue-:roribus
747 1012 755 1027 ,
771 996 849 1020 non
864 981 942 1019 fine
956 979 1110 1018 delectu
1138 986 1179 1019 ὃς
1200 977 1349 1029 judicio
1376 981 1603 1033 collegerim
1620 1011 1629 1027 ,
1647 981 1750 1020 haud
1768 995 1899 1021 tamen
1925 986 1990 1023 illa
2002 1016 2011 1032 ,
2027 1000 2113 1026 tan-

321 1059 442 1097 quam
464 1050 594 1081 omnis
614 1045 782 1080 omnino
808 1043 907 1078 naevi
925 1043 1098 1091 expertia
1115 1067 1125 1083 ‚
1153 1036 1384 1091 penitusque
1398 1038 1565 1090 perfecta
1579 1037 1679 1078 tibia
1695 1053 1759 1077 me
1775 1039 1966 1080 venditari
1982 1046 2113 1084 existi-

319 1109 417 1145 mes,
480 1101 609 1139 Multa
620 1105 763 1153 quippe
784 1096 989 1136 celebritas
1013 1097 1076 1135 sua
1094 1125 1103 1141 ,
1119 1101 1158 1135 δε
1173 1094 1439 1135 Conditorum
1463 1096 1619 1136 suorum
1633 1096 1801 1149 dignitas
1822 1097 1929 1138 haud
1946 1101 2117 1152 patieba-

324 1175 386 1201 tur
403 1165 442 1199 in
458 1159 532 1198 hac
544 1160 629 1198 mea
648 1159 801 1210 Sylloge
816 1154 1026 1194 desiderari
1045 1171 1054 1190 :
1085 1167 1164 1206 quo
1177 1154 1270 1192 vero
1288 1155 1376 1192 loco
1395 1169 1438 1193 ac
1452 1159 1585 1207 precio
1609 1154 1684 1194 esse
1714 1155 1817 1208 apud
1849 1169 1886 1195 te
1905 1157 1985 1198 haec
2013 1161 2089 1212 ipsa
2104 1191 2115 1207 ,

323 1217 409 1259 'tum
421 1219 495 1257 alia
506 1220 640 1255 omnia
654 1216 773 1255 velles
787 1245 795 1259 ‚
813 1228 881 1253 tuo
900 1213 1163 1252 nihilominus
1178 1210 1328 1261 judicio
1351 1214 1518 1264 reliqui:
1544 1212 1748 1265 postquam
1778 1228 1916 1253 eorum
1938 1245 1948 1260 ‚
1980 1221 2047 1270 qui
2069 1210 2120 1258 de

323 1276 616 1317 construetione
629 1272 907 1325 Symbolorum
927 1271 1107 1323 scripsere
1121 1299 1130 1315 ,
1147 1269 1378 1309 sententiam
1398 1269 1575 1320 expofitae
1593 1274 1634 1309 in
1649 1271 1839 1310 Carmine
1854 1274 1975 1326 Leges
1990 1277 2120 1315 osten-

323 1334 466 1375 derunt
482 1347 595 1385 :quas
616 1330 812 1383 siquando
827 1328 982 1384 gravius
996 1358 1006 1375 ‚
1019 1327 1267 1380 severiusque
1293 1327 1456 1368 videbor
1472 1329 1668 1380 protulisle
1683 1358 1692 1375 ‚
1708 1343 1791 1367 non
1807 1328 1846 1368 id
1860 1330 1880 1369 a
1897 1345 1961 1371 me
1975 1332 2123 1379 Judicis

323 1394 551 1432 aueioritate
571 1420 580 1434 ,
603 1388 665 1428 sed
675 1390 873 1428 Proeconis
888 1386 1020 1426 officio
1041 1386 1188 1424 factum
1208 1384 1301 1427 esse,
1316 1387 1419 1424 Artis
1435 1386 1546 1434 hujus
1560 1391 1675 1439 periti
1696 1388 1872 1427 Lestores
1889 1393 2120 1443 interpreta-

325 1451 488 1492 buntur.
548 1450 631 1502 Qi
648 1446 742 1485 vero
758 1449 852 1484 novi
865 1445 913 1484 ad
930 1445 1032 1484 hanc
1049 1442 1308 1495 Disciplinam
1324 1442 1534 1490 accedent,
1552 1449 1655 1484 viam
1669 1446 1726 1484 illi
1742 1444 1809 1483 sibi
1820 1444 1869 1486 ad
1879 1448 2045 1489 eandem
2055 1449 2125 1490 de—

323 1509 532 1549 monstrari
548 1504 653 1544 haud
669 1505 825 1559 gravate}
851 1508 1058 1556 patientur.

432 1562 558 1621 Qod
579 1563 603 1601 sl
621 1563 795 1615 denique
809 1560 1005 1614 aliquibus
1022 1558 1186 1599 videbor
1198 1572 1276 1598 ram
1286 1556 1543 1599 multitudine
1558 1558 1700 1613 ‚quam
1716 1565 1909 1614 paucitate
1918 1564 2127 1611 Symbolo-

326 1638 418 1664 rum
434 1623 604 1678 peccasse
632 1637 643 1659 .·
673 1620 834 1674 quando
856 1620 951 1658 hinc
969 1617 1046 1671 ipsa
1065 1619 1280 1656 voluminis
1304 1617 1540 1669 magnitudo
1563 1632 1706 1658 terrere
1720 1621 1844 1672 potest
1863 1651 1874 1668 ‚
1905 1624 2016 1663 illinc
2031 1624 2126 1664 vero

326 1683 452 1723 multa
466 1680 725 1719 nihilominus
737 1708 746 1724 ,
757 1692 930 1732 quorum
945 1675 1011 1729 ipsl
1023 1678 1266 1723 meminere,
1277 1676 1457 1715 Leaores
1471 1673 1746 1716 defiderabunt
1768 1696 1780 1728 3
1804 1683 1846 1718 in
1870 1691 1948 1719 tam
1964 1686 2125 1735 ancipiti

327 1740 439 1781 causa
465 1737 684 1792 praesidium
705 1737 806 1776 mihi
837 1735 884 1775 ab
904 1736 1099 1774 alterutris
1126 1733 1320 1788 obtinget.
1392 1734 1497 1772 Nam
1520 1738 1588 1787 qui
1610 1735 1865 1776 multitudine
1881 1736 2127 1781 delcetantur

330 1797 615 1853 Symbolorum
635 1825 646 1842 ‚
670 1794 878 1834 numerare
894 1793 961 1834 hie
976 1794 1086 1845 plura
1111 1793 1235 1830 millia
1254 1789 1409 1845 possunt
1429 1807 1441 1830 :
1475 1797 1516 1832 &
1538 1816 1549 1832 ‚
1568 1797 1635 1846 qui
1657 1797 1787 1846 paucis
1806 1795 1893 1834 sunt
1920 1803 2127 1848 contenti,

401 1854 520 1909 longe
537 1853 612 1893 esse
633 1854 743 1906 plura
761 1851 782 1891 a
802 1851 915 1891 nobis
937 1850 1184 1904 praetermissa
1197 1848 1429 1902 probabunt.
1494 1851 1664 1904 Utrique
1679 1851 1779 1890 vero
1801 1852 2029 1896 fatebuntur
2045 1882 2057 1903 ,

477 1926 608 1967 neque
620 1914 801 1963 pauciora
815 1907 986 1949 debuisse
1001 1906 1327 1961 produci,neque
1349 1907 1498 1959 prorsus
1512 1912 1648 1948 omnia
1670 1910 1852 1962 potuisse:
1884 1912 1978 1953 cum

587 1971 754 2010 alterum
770 1966 819 2007 ad
833 1967 1060 2019 exemplum
1072 1979 1210 2018 parum
1225 1996 1235 2012 ,
1249 1967 1417 2005 alterurn
1433 1964 1526 2004 vero
1537 1968 1708 2007 Le&oris
1727 1973 1877 2022 patien-

732 2029 793 2066 tiae
809 2028 979 2066 nimium
992 2055 1004 2074 ,
1016 2038 1060 2064 ac
1070 2024 1189 2078 prope
1199 2023 1401 2064 infinitum
1411 2022 1537 2065 fuiffet
1547 2024 1740 2067 futurum.
