2190 3528
494 108 1435 192 DEDICATORIA·

70 236 294 295 tatem
333 211 544 290 istam
579 236 810 304 tuam,
826 216 972 322 quei
990 221 1231 320 major
1265 222 1348 294 in*
1387 220 1592 295 terris
1613 225 1856 326 (quod

71 357 251 438 pace
303 333 655 406 omnium
707 327 1071 429 dixerim>
1106 332 1311 410 nulla
1351 334 1486 422 est,
1542 360 1667 411 aut
1726 368 1856 415 un-

72 473 296 551 quam
335 440 489 521 fuit.
582 442 678 521 Et
715 469 1011 550 poterat
1041 451 1335 554 utique,
1356 448 1538 526 dum
1563 474 1720 526 tuas
1743 482 1855 529 ex-

64 558 367 666 plicares
406 560 552 664 ipse
588 558 933 650 VirtuteS,
959 561 1339 663 Majorum
1376 568 1676 641 interim
1718 567 1853 644 ela-

64 671 337 750 riffima
375 672 625 753 Virtus
661 674 962 752 abunde
1009 678 1546 756 commendare
1581 679 1687 756 Te
1720 712 1851 787 po-

62 787 290 895 puliS‚
345 817 572 895 quem
610 813 763 880 tot,
809 788 1148 898 tantique
1185 791 1475 871 Heroe's
1527 795 1631 871 sui
1664 796 1851 873 slmi-

61 903 210 981 lem
247 903 585 982 futurum
627 909 1105 1011 promittunt.
1177 906 1407 985 Nune
1443 905 1851 1015 Sponsores

61 1019 232 1096 istos
268 1084 288 1109 ,
339 1023 418 1097 in
470 1020 882 1098 haeetiam
937 1020 1453 1100 AdolescentiaA
1505 1025 1666 1115 tua,
1719 1031 1852 1103 vix

61 1134 379 1239 amplius
414 1139 891 1243 requirimus:
927 1141 1112 1243 quin
1144 1160 1349 1215 tanta
1372 1142 1520 1243 jam
1542 1137 1685 1218 Tui
1716 1171 1852 1218 no-

60 1248 167 1327 bis
201 1248 472 1328 fidueia
527 1250 667 1340 est,
696 1275 780 1333 ut
815 1280 1045 1357 quam
1081 1252 1187 1329 illi
1232 1254 1358 1329 tua
1396 1253 1600 1332 eausa
1636 1256 1849 1333 susce-

58 1389 329 1470 perunt
367 1363 1172 1472 obligationennhaud
1213 1372 1649 1447 eunetanter
1685 1371 1847 1476 ipfis

55 1484 534 1560 remittamus.
626 1480 1094 1586 Quanquam
1135 1485 1336 1557 enim
1375 1508 1540 1559 aetas
1578 1486 1848 1562 nondti

56 1592 165 1673 Te
189 1593 407 1672 rebus
441 1595 783 1703 gerendis
821 1596 1189 1685 admovit,
1214 1625 1352 1673 nee
1372 1603 1600 1704 proin
1635 1630 1849 1707 gran-

55 1710 268 1789 dibus
303 1709 505 1789 faefis
543 1710 1049 1817 comprobare
1084 1711 1329 1790 adhue
1365 1714 1729 1793 summam
1771 1715 1849 1793 il-

53 1825 205 1904 lam
242 1824 617 1904 Virtutem
655 1825 1005 1932 potuisti,
1043 1857 1274 1934 quam
1326 1825 1501 1907 Tibi
1549 1830 1643 1907 ab
1699 1831 1850 1909 Au-

53 1941 275 2047 gustis
297 1939 917 2048 progenitoribus
954 1942 1247 2020 infitam
1293 1944 1702 2024 credimus:
1738 1976 1852 2023 ex-

50 2058 277 2134 serere
311 2079 565 2133 tamen
602 2057 894 2162 pridem
934 2056 1240 2162 caepisti,
1273 2057 1677 2167 exserisque
1696 2091 1847 2139 ma-

49 2171 156 2280 gis
196 2168 583 2277 magisque
619 2175 695 2248 in
746 2170 896 2246 dies
935 2170 1328 2270 mirificam
1369 2174 1560 2250 adeo
1602 2173 1846 2253 Virtu-

48 2295 136 2366 tis
170 2284 549 2377 indolem,
585 2309 667 2362 ut
702 2285 988 2364 nostras
1028 2285 1151 2362 illa
1189 2287 1282 2363 de
1319 2283 1425 2365 Te
1468 2289 1620 2394 spes
1659 2291 1847 2369 mul-

47 2408 130 2484 to
151 2409 298 2509 jam
322 2397 595 2480 efficiat
631 2404 998 2485 certiores,
1044 2400 1169 2478 Est
1199 2431 1280 2479 ea
1301 2431 1576 2508 nempe
1596 2406 1842 2512 (quod

45 2549 210 2599 non
248 2517 680 2596 blandiendi
721 2511 888 2593 Tibi
922 2516 1128 2596 eausa
1160 2516 1334 2596 dieo
1363 2584 1384 2609 ,
1433 2521 1671 2596 sedut
1716 2521 1846 2599 Di-

44 2639 314 2714 vinum
351 2662 625 2710 munus
666 2633 1254 2730 commendem)
1294 2634 1433 2722 est,
1487 2638 1844 2741 inquam,

44 2776 172 2829 tua
206 2749 362 2826 haee
386 2745 680 2825 Indoles
701 2748 793 2826 ad
832 2776 1066 2826 omne
1087 2745 1400 2827 Virtutis
1438 2749 1659 2827 decus
1685 2775 1840 2831 tam

44 2864 386 2973 praeclare*
434 2886 906 2970 comparata,
957 2887 1114 2942 tam
1152 2888 1546 2971 prompta,
1596 2875 1665 2943 ὃς
1706 2867 1845 2945 ala-

46 2986 218 3070 eriS,
247 3003 331 3057 ut
367 3008 532 3085 quae
579 2983 979 3084 eaeteroqui
1030 2979 1195 3056 sunt
1243 2984 1635 3065 Virtutum
1675 2979 1840 3059 offi-

47 3101 193 3185 cia,
247 3123 772 3203 praeoccupare
836 3094 985 3199 ipsa
1027 3122 1162 3200 per
1200 3095 1268 3171 se
1303 3158 1324 3183 ,
1392 3119 1615 3203 atque
1651 3097 1842 3174 adeo

46 3211 365 3318 ipsarum
404 3206 554 3287 fere
590 3212 817 3289 instar
854 3208 992 3286 effe
1042 3213 1431 3298 Virtutum
1475 3211 1840 3289 Videatur.

1614 3325 1840 3405 Certe
