2190 3528
779 166 1435 215 PROPOSITIO.
1802 181 1826 227 5

390 251 506 304 Mox
517 255 640 315 redit,
663 273 709 304 ac
729 257 864 305 obiter
882 254 1081 322 grandem
1107 256 1299 320 percurrit
1322 253 1571 302 Elenchum.

393 324 500 377 Inde
524 328 604 371 ait:
639 327 683 371 in
707 325 853 372 nostris
876 324 1023 372 Vestra
1050 322 1302 369 Excellentia
1325 322 1474 368 chartis

392 391 607 456 Praecipuo
629 391 706 439 stat
730 392 874 456 scripta
895 393 1006 438 loco.
1050 388 1164 446 Cur,
1200 387 1399 446 furcifer,
1436 396 1606 435 autem?

391 458 461 507 En
480 462 607 505 recito
627 476 638 504 t
670 458 811 519 Qod
833 460 1088 523 mancipium
1110 455 1160 502 de
1179 452 1322 503 Gente
1339 455 1533 520 Agarena

392 525 444 573 In
469 529 643 590 patriam
670 527 808 573 multo
833 526 1077 573 instruecum
1100 521 1298 569 dimiserit
1314 522 1452 579 Auro,

391 591 632 640 Barbaricos
650 608 950 659 emptumque,
977 591 1234 654 relatumque
1252 589 1348 635 inde
1370 590 1561 636 caballos.

392 660 541 724 Usque
561 660 665 707 adeo
683 661 803 708 stulte
822 661 978 707 facium
993 659 1102 714 hoc,
1127 656 1291 712 insane,
1325 656 1518 702 videtur?

393 726 575 774 Prorsus.
621 728 745 788 QJid
767 728 884 775 facies
899 761 912 784 ,
942 725 972 773 fi
993 723 1141 773 videris
1165 721 1261 769 inde
1278 723 1485 769 reversum
1502 730 1521 769 ἓ

393 793 671 859 Audierisque
688 830 700 852 ‚
737 791 898 842 Urbem
920 793 1103 840 resonare
1122 789 1350 837 hinnitibus
1369 789 1512 836 Afris?

393 859 524 908 Tunc
540 879 642 925 ego,
670 862 831 919 deleto,
862 860 979 926 quod
1001 877 1110 906 nunc
1132 857 1211 914 est,
1244 855 1442 904 Nomine
1456 891 1469 914 ,
1489 856 1671 905 Nomen

394 926 535 984 Illius,
574 931 645 992 qui
666 928 874 975 Libertate
899 929 1054 993 potitus
1077 932 1121 970 δε
1147 925 1286 981 Auro,

394 993 556 1041 Maluit
577 995 629 1041 ad
647 1010 831 1044 veterem
853 997 997 1042 stultus
1021 1009 1199 1040 remeare
1223 991 1434 1047 catastam,

398 1059 632 1108 Sufficiam.
686 1062 840 1110 Donec
863 1061 992 1120 fiant,
1026 1067 1069 1105 Sc
1091 1060 1134 1106 in
1159 1061 1266 1105 Acta
1290 1057 1424 1104 referri

396 1128 479 1176 Ista
504 1132 629 1177 etiam
654 1133 846 1196 cupiant,
879 1147 970 1196 quae
990 1126 1146 1194 scripsi,
1180 1126 1322 1191 scripta
1340 1124 1583 1172 manebunt.

939 1252 1109 1320 VII.

500 1359 597 1408 Unc
620 1378 694 1423 age
707 1394 720 1416 ,
747 1360 776 1405 fi
797 1357 1037 1403 Dominam
1059 1355 1227 1419 pascunt
1241 1353 1457 1402 Nasturtia
1471 1350 1684 1413 Romam,

501 1426 626 1485 Qid
646 1423 840 1491 superess'e
856 1424 1058 1470 Annonae
1077 1420 1281 1466 credimus
1299 1422 1483 1468 Urbibus
1505 1425 1600 1479 illis,

396 1489 446 1542 In
467 1496 615 1559 quibus
630 1528 642 1548 ‚
670 1508 716 1539 ut
738 1493 953 1557 proprium
971 1519 984 1545 ,
1020 1485 1107 1533 fixit
1128 1486 1199 1533 sibi
1221 1486 1367 1534 Moria
1382 1487 1619 1553 Regnum?

391 1560 486 1617 Jam
506 1561 663 1626 pridem
686 1561 845 1624 plangit
866 1556 1035 1621 simplex
1056 1552 1266 1601 Cervavia
1288 1556 1444 1619 peffus>

401 1629 688 1692 Vicinumque
708 1626 866 1673 Lacum
888 1621 1119 1684 Cornfagia
1141 1622 1304 1667 fletibus
1326 1636 1464 1685 auget,

398 1695 539 1756 Quod
559 1694 711 1761 periere
731 1693 789 1741 sui
802 1692 977 1739 Summa
995 1707 1093 1735 cum
1116 1691 1295 1753 principe
1309 1686 1488 1736 Census.
1503 1698 1570 1743 (m)

398 1764 549 1813 Edicto
573 1779 811 1828 quanquam
833 1773 1002 1806 cautum
1022 1756 1132 1802 foret
1146 1790 1159 1811 ,
1195 1770 1319 1821 atque
1339 1754 1536 1804 Senatus-

397 1831 612 1879 Consulto
626 1864 638 1887 ,
673 1832 774 1894 patri
779 1833 812 1890 js
830 1826 970 1890 fruges
991 1837 1173 1872 avertere
1189 1822 1356 1869 Terris:

397 1899 467 1946 Ni
480 1933 493 1956 ,
527 1915 633 1963 quos
649 1911 721 1943 aut
733 1895 992 1945 Weilhema
1012 1891 1085 1938 fibi
1099 1924 1111 1947 ‚
1127 1905 1196 1936 aut
1211 1889 1433 1954 Brunegga
1448 1890 1619 1938 Sorores
1633 1903 1684 1948 (n)

400 1964 582 2012 Mercari
598 1963 779 2010 Modios
798 1963 927 2009 veteri
952 1976 1029 2024 pro
1052 1957 1209 2004 foedere
1231 1958 1414 2013 vellent3
1475 1971 1478 1974 ·

401 2031 521 2079 Cum
537 2031 645 2094 seges
667 2031 850 2077 alreutris
873 2027 1068 2092 provenit
1089 2026 1250 2071 avarior
1272 2027 1392 2086 agris.

401 2253 596 2356 ESto‚
621 2255 770 2318 inquis,
788 2251 958 2313 stultus:
994 2249 1096 2316 quid
1114 2258 1240 2297 tum?
1274 2243 1445 2314 quando
1467 2255 1610 2296 onmia
1628 2248 1749 2314 plena

506 2321 745 2367 Stultorum
766 2315 842 2365 effe
863 2318 1002 2365 ferunt
1024 2317 1124 2365 Diae
1139 2353 1152 2377 ,
1182 2316 1482 2382 Humanaeque
1497 2316 1736 2364 Cathedrae.

400 2388 483 2434 Nil
505 2400 683 2435 vacuum
709 2387 765 2434 est
790 2401 980 2450 usquam.
1031 2385 1233 2432 Numero
1258 2399 1299 2430 te
1323 2403 1531 2449 excerpere
1552 2385 1697 2431 frustra

400 2454 576 2502 Niteris.
624 2454 722 2501 Esto
744 2455 893 2501 volens
920 2455 1072 2516 igitur,
1106 2452 1223 2518 quod
1244 2465 1284 2499 te
1298 2450 1374 2498 effe
1395 2450 1599 2498 necessum
1616 2453 1687 2498 est.

403 2528 555 2568 Author.
591 2520 783 2569 Praeclare
805 2520 874 2566 ista
893 2538 1054 2567 mones.
1106 2519 1205 2567 Vin'
1222 2525 1267 2564 &
1283 2537 1351 2566 me
1373 2537 1548 2584 pangere
1570 2517 1707 2568 versus

400 2585 598 2656 Insuper,
634 2595 678 2634 &
698 2588 849 2653 duplici
874 2590 1045 2634 ceritum
1071 2584 1263 2652 plaudere
1287 2587 1413 2633 nola?

401 2657 587 2705 Parebo:
615 2659 711 2722 quia
728 2673 798 2702 me
819 2654 952 2701 modo
977 2653 1341 2721 quinquagesimus
1364 2671 1513 2710 annus,

401 2724 458 2772 Et
475 2724 670 2772 Lustrum
694 2723 880 2789 pulsant,
911 2722 1185 2770 accommoda
1209 2736 1400 2786 tempora
1422 2720 1523 2776 bili'3
1591 2778 1605 2781 ‚

400 2790 520 2839 Cum
545 2792 660 2857 nigra
683 2793 909 2838 humorem
937 2805 1073 2838 mutat
1095 2790 1267 2854 fuligine
1287 2789 1489 2835 flavuma.
1599 2784 1602 2786 ’

400 2856 560 2907 Donec
583 2858 717 2906 adhuc
740 2859 930 2924 superant
951 2862 994 2906 in
1021 2877 1125 2905 cano
1141 2859 1294 2904 vertice
1313 2859 1456 2910 crines,

401 2919 459 2973 Et
478 2926 561 2974 fera
584 2941 726 2991 regnat
748 2927 918 2994 Hyems
939 2929 1087 2993 capiti:
1125 2924 1333 2972 Vulcania
1353 2925 1495 2988 peetus

402 3055 478 3106 (m)
487 3059 641 3094 Nomina
651 3054 865 3108 Oppidorum
879 3058 919 3092 z'n
930 2991 1171 3106 Palatinam?x
1178 3007 1279 3100 ἐκεῖ
1288 3063 1421 3096 Lacum
1431 3059 1624 3097 Acrom'um
1633 2990 1839 3108 fitormsrjfi

401 3111 581 3164 Hirschau
594 3141 604 3159 3.
633 3112 677 3154 ΕΞ
687 3113 868 3151 Buchorn:
896 3111 919 3149 ὲ
936 3113 1067 3165 lepidis
1080 3116 1302 3171 illepidisque
1320 3116 1432 3155 digitis
1455 3115 1627 3166 &fastis
1647 3117 1838 3158 celebrata.

401 3169 464 3265 gr)
484 3172 590 3264 {falia
609 3171 701 3224 fimt
718 3175 830 3209 ettam
852 3172 928 3208 alia
954 3171 1044 3210 duo:
1080 3176 1260 3215 W'eilhezm
1280 3178 1319 3214 m
1336 3176 1467 3218 Βοιαὶ,
1495 3172 1777 3230 &Brauneggm
1796 3180 1836 3217 m

437 3240 489 3264 lro
507 3241 533 3266 t.
