2190 3528
499 160 1440 245 DEDICATORIA·

66 257 174 339 Te
208 260 545 353 doceant.
591 262 690 346 Et
707 284 896 337 Veto
879 254 1046 364 ipfi
1070 284 1377 365 quoque
1395 254 1617 335 Senes
1637 255 1857 351 nimiss

68 405 293 511 qqam
333 404 525 453 novi
545 375 744 463 sunt
779 369 973 451 fisua
990 376 1289 451 tantum
1325 375 1547 450 aetatis
1586 396 1856 449 eventa

68 488 344 568 norint.
416 487 659 597 Magis
679 486 796 566 Tu
817 483 1121 593 amplias
1158 487 1382 565 aetatis
1418 509 1563 563 tuae
1596 485 1856 591 spatia,

71 606 197 711 qui
220 632 294 680 m
305 629 419 680 em
429 631 519 681 oi
522 600 715 682 anda
734 628 1045 711 quaeque
1063 632 1154 708 Ρι
1155 605 1273 680 ioi
1278 630 1406 680 um
1422 623 1859 708 temporum

71 742 340 796 eventa
374 715 471 795 fic
497 717 722 796 habes
735 744 1003 796 ammo
1025 713 1594 823 compiehensa,
1617 739 1700 793 ut
1720 714 1860 793 illis

70 859 376 940 quoque
394 834 651 911 vixisse
670 827 1135 938 temporibus
1155 832 1395 909 videri
1424 828 1669 936 poffis
1715 829 1861 907 Ne-

74 976 219 1054 que
246 948 400 1024 satis
425 946 647 1025 habes
663 1008 683 1038 ,
711 948 1032 1025 memori
1054 950 1314 1024 omnia
1334 969 1586 1022 mente
1605 971 1863 1022 recon-

70 1062 277 1152 dere,
297 1060 414 1139 sed
436 1066 657 1141 etiam
681 1089 852 1140 cum
878 1063 1137 1140 animo
1176 1083 1313 1138 tuo
1351 1059 1744 1167 diligentei
1780 1083 1864 1135 ea

69 1174 499 1283 perpendiS,
522 1187 612 1268 &,
633 1178 762 1285 qui
782 1170 1197 1283 potissimus
1223 1175 1565 1253 Historiae
1585 1172 1859 1250 fruetus·

71 1292 207 1381 est,
228 1319 534 1370 ererum
560 1293 797 1399 gestal
804 1319 932 1369 um
970 1291 1488 1379 documentiS,
1527 1283 1865 1393 exempla

70 1405 239 1484 Tibi
264 1408 479 1483 sumis
500 1403 1018 1515 gerendarum

189 1522 337 1605 Pol
340 1526 427 1598 ro
448 1549 620 1599 eum
643 1548 907 1598 omnes
928 1518 1116 1596 adeo
1139 1512 1582 1645 Disciplinae,
1600 1541 1865 1593 omnee

75 1634 293 1714 bonae
313 1634 900 1743 artesIngenium
923 1657 1136 1711 tuum
1156 1663 1275 1711 eei
1280 1636 1491 1710 tatim
1505 1628 1864 1720 ambiant,

74 1749 310 1828 fistere
346 1750 410 1829 se
431 1778 739 1859 quoque
775 1749 997 1828 audet
1033 1747 1573 1835 SIMBOLO-
1577 1737 1869 1831 GRA-

72 1860 352 1949 PHIA
371 1865 827 1972 ,speratque,
869 1860 1053 1943 vel
1038 1892 1117 1939 m
1138 1860 1467 1939 secundis
1504 1857 1871 1936 adrniffio-

76 1977 290 2054 nibus
334 1933 610 2058 locum.
687 1975 1248 2084 Occupandum
1280 2000 1526 2051 autem
1548 1970 1682 2049 fibi
1715 1978 1868 2050 hoe

74 2114 363 2196 tempus
383 2091 505 2171 1lla
534 2096 867 2199 putavit,
888 2088 1095 2199 quod
1115 2117 1204 2194 pl
1208 2089 1483 2165 aesentn
1488 2112 1578 2178 et
1599 2085 1867 2166 litter-a

78 2208 270 2282 rium
293 2206 444 2285 hoc
465 2213 707 2285 otium
727 2229 944 2284 tuum
983 2199 1456 2312 gravioribus
1499 2202 1712 2279 brevi
1750 2229 1870 2280 ne-

77 2322 295 2426 gotijs
330 2320 735 2428 abruptum
756 2324 863 2399 iri.
940 2317 1064 2398 Est
1086 2317 1240 2396 haec
1274 2380 1294 2408 ,
1337 2339 1418 2395 ut
1455 2313 1736 2424 aliquid
1775 2313 1870 2394 ad

82 2439 224 2536 ejus
249 2434 996 2515 commendationem
1010 2431 1275 2525 dicam,
1280 2435 1664 2511 amoeni01
1680 2458 1869 2538 quae

81 2549 252 2628 dam
275 2545 806 2659 Philosophia,
843 2578 1071 2659 quam
1117 2548 1532 2628 vocantlm
1508 2548 1873 2654 {aginum

78 2664 314 2763 Quod
335 2665 387 2745 fi
410 2665 882 2773 Philosophia
902 2689 1062 2746 non
1089 2661 1189 2742 est
1221 2669 1254 2765 <
1274 2662 1515 2741 nolim
1538 2663 1738 2740 enim
1776 2659 1870 2738 de

79 2808 276 2857 Voce
319 2785 479 2889 quis
515 2780 702 2859 mihi
737 2780 943 2860 litem
987 2778 1324 2859 intendat
1359 2783 1423 2876 >
1447 2772 1629 2854 illud
1675 2776 1872 2853 certe

78 2894 567 3003 philosophici
588 2925 947 2976 acummis
985 2894 1209 2973 instar
1244 2889 1518 2971 habere
1536 2889 1868 2980 videtur,

84 3012 162 3087 in
200 3011 414 3089 rebus
464 3018 686 3090 etiam
726 3006 1217 3090 diversissimis
1255 3007 1871 3086 convenientiam

84 3123 449 3232 aliquam,
466 3126 620 3205 five
643 3125 1095 3234 Analogiam
1130 3119 1702 3264 deprehendere,
1706 3117 1868 3205 vul

87 3268 189 3345 go
225 3241 795 3325 inobservatam.
873 3241 1047 3320 Hoc
1066 3268 1254 3318 vero
1238 3238 1446 3317 facit
1466 3233 1871 3342 Symbolo-

985 3384 1025 3433 c
1060 3383 1098 3431 2
1712 3374 1868 3455 gia
