2190 3528
609 162 1550 246 DEDICATORIA·

179 278 377 353 ravit
422 336 443 362 ,
512 269 1324 355 SERENISSIME
1398 268 1972 379 CAROLE,

180 388 385 467 nulla
422 391 685 464 nonin
703 385 812 465 Te
831 387 956 465 vel
989 393 1138 493 jam
1173 386 1516 493 perfecit,
1567 396 1695 468 Vel
1732 401 1975 502 pergit

177 503 424 581 adhuc
474 500 866 608 perficere,
916 526 1285 610 quantum
1324 510 1653 584 omnino*
1706 513 1850 612 ejus
1887 514 1970 588 in

172 617 521 724 Principe
555 617 944 695 desiderari
962 620 1222 724 potest.
1326 621 1507 715 Qua
1526 622 1618 699 de
1636 652 1715 700 re
1735 648 1818 700 ut
1835 630 1968 703 mi-

172 733 253 810 hi
304 732 538 839 paulo*
589 733 910 839 amplius
964 733 1300 811 disserere
1345 765 1481 841 per
1523 738 1969 830 modestiam

171 873 381 926 tuam
418 847 911 956 liceat3r0g0,
1015 848 1138 927 Da
1174 850 1327 928 1100
1364 851 1629 931 solatio
1666 855 1965 936 nostro:

173 964 588 1070 jucundum
628 968 831 1041 enim
867 960 1087 1042 nobis
1118 965 1256 1056 est,
1280 989 1364 1043 ea
1383 968 1781 1073 pensitare,
1803 999 1967 1076 quae

170 1079 455 1157 nostras
491 1079 585 1156 de
604 1076 712 1156 Te
730 1078 881 1185 spes
904 1078 1354 1159 confirmare
1374 1107 1668 1190 queann
1724 1084 1964 1178 Quod

168 1195 222 1272 fi
241 1219 496 1273 tamen
530 1194 735 1271 haud
755 1224 973 1303 aequo
1000 1195 1157 1273 satis
1186 1196 1325 1274 fers
1362 1198 1623 1276 animo
1643 1262 1662 1289 ‚
1691 1196 1966 1278 Telau-

169 1310 366 1401 dari,
404 1331 584 1417 puta
605 1338 729 1388 me
747 1315 1000 1417 potitis
1035 1311 1188 1389 hoe
1233 1313 1413 1392 1000
1452 1344 1720 1392 eorum
1763 1345 1966 1393 com-

166 1426 523 1505 mendare
570 1426 1038 1533 diligentiam
1067 1488 1087 1514 ,
1122 1428 1712 1536 industriamque
1748 1431 1965 1509 volu-

166 1541 330 1633 isse,
350 1540 619 1649 quibus
641 1540 1008 1620 educandi
1043 1544 1151 1618 tui
1190 1570 1449 1622 euram
1480 1545 1796 1651 Augusti
1818 1545 1962 1626 Ge-

164 1661 429 1736 nitoris
449 1656 938 1763 providentia
974 1657 1368 1739 commisit.
1447 1666 1515 1737 N
1527 1658 1679 1737 oles
1701 1666 1963 1768 utique

162 1772 284 1852 sua
342 1771 509 1850 illos
550 1772 770 1852 laude
819 1775 1153 1880 privari,
1199 1769 1408 1882 qudd
1443 1800 1616 1853 cum
1653 1780 1795 1854 tuis
1839 1776 1963 1857 illa

163 1886 506 1968 laudibus
526 1888 611 1965 fit
631 1891 1051 1995 conjuneffa.

272 2001 1145 2111 Oi⁴dioraGymnastiea
1194 2016 1264 2081 ὅτ.
1303 2000 1739 2098 Palaestrica,
1794 2036 1960 2116 quae

158 2118 446 2197 tametfi
473 2122 723 2196 minus
751 2117 1006 2197 afferat
1044 2116 1316 2210 laudis,
1351 2126 1577 2227 quam
1609 2149 1773 2229 quae
1808 2128 1958 2202 ani-

156 2264 373 2312 mum
409 2232 1038 2341 perficiunt,quia
1057 2255 1311 2312 tamen
1349 2239 1430 2313 in
1450 2235 1860 2319 hominum
1880 2239 1958 2317 il-

157 2348 228 2428 la
249 2348 510 2430 oeulos
532 2354 859 2427 maxime
894 2354 1244 2440 incurrit,
1274 2355 1518 2457 prima
1537 2352 1689 2431 fere
1709 2350 1954 2435 lauda-

157 2470 222 2544 ri
257 2465 500 2573 vulgo*
520 2464 718 2543 solet.
800 2464 1040 2568 Hujus
1059 2471 1248 2543 verr}
1271 2466 1693 2574 Disciplinae
1728 2470 1852 2548 illa
1884 2471 1952 2547 se

154 2581 396 2660 statim
418 2610 583 2687 pars
605 2579 825 2659 offert
843 2645 861 2671 ,
882 2609 1042 2659 non
1065 2582 1212 2689 qua
1240 2612 1511 2688 corpus
1551 2585 1948 2665 confirma-

155 2722 278 2774 tur
309 2698 403 2774 ad
422 2696 891 2789 lab01⁴e5‚1ed
911 2694 1004 2774 ad
1024 2698 1408 2805 quandam
1444 2703 1524 2776 in
1561 2700 1951 2808 agendo'e-

153 2813 558 2921 legantiam
596 2813 1137 2892 conformatur.
1196 2812 1377 2891 Haec
1410 2818 1624 2920 prior
1643 2818 1746 2895 est
1781 2818 1951 2896 alte-

155 2930 268 3015 ra3
306 2933 507 3035 prius
556 2931 758 3008 enim
794 2995 815 3021 ,
864 2933 1090 3037 quam
1135 2928 1529 3008 subeundis
1560 2930 1947 3014 laboribus

151 3045 519 3124 idoneum
554 3046 978 3154 fit“eorPUS‚
1016 3045 1175 3123 satis
1213 3045 1314 3155 est
1344 3045 1711 3126 idoneum
1745 3048 1946 3140 huie,

152 3165 382 3270 quam
403 3160 617 3251 dico,
661 3161 1042 3270 elegantiae
1079 3161 1605 3243 condiscendae.
1679 3163 1808 3243 Est
1844 3195 1946 3244 er-

154 3308 259 3386 go
313 3277 653 3383 quaedam
708 3281 1046 3385 corporis
1084 3276 1532 3385 Disciplina,
1585 3307 1751 3388 quae
1784 3311 1945 3360 mo-

1122 3392 1173 3472 b
1834 3419 1951 3474 tus
